2617 3295
1217 48 1357 142 κς

1249 335 1383 388 ΙΙῑθίῐΔ

188 419 394 470 dicendum
419 421 482 461 sit.
542 418 649 460 Nihil
674 432 804 461 moror
829 419 937 472 ,ipse‘
965 418 1067 459 idem
1094 419 1317 471 significans
1343 422 1462 471 atque
1489 421 1666 459 nostrum
1699 430 1791 469 ,von
1818 422 1948 468 neme,
1974 421 2094 458 echon
2120 420 2266 469 allein‘,
2303 421 2436 473 quem·
2472 417 2475 419 ’

77 472 116 526 3⁴1
185 482 398 532 admodum
414 480 562 529 ,Graeci
589 479 713 527 αὕτός
738 481 918 522 adhibere
945 481 1122 521 solebant
1149 481 1214 521 cfr.
1242 493 1272 520 e.
1301 493 1339 532 g.
1367 481 1403 531 3,
1424 481 1472 520 21
1502 484 1598 536 ,tum
1623 480 1692 520 illa
1718 493 1817 533 quae
1843 480 2022 520 altiorem
2048 481 2168 520 animi
2195 485 2345 522 motum
2370 496 2434 525 se-

154 579 156 581 .
186 549 327 588 cuntur
352 557 527 597 quaeque
552 545 641 597 ipsa
665 544 837 584 animum
864 543 1149 595 quodammodo
1178 543 1382 593 concitant,
1410 572 1419 582 .
1449 572 1459 582 .
1487 541 1648 583 ridicula
1674 545 1790 583 sunt‘.
1843 543 2008 582 Missum
2035 542 2133 583 facio
2162 544 2280 583 etiam
2305 544 2433 586 locum

107 597 112 602 ’
161 606 165 610 ’
188 621 304 661 quem
328 607 497 660 legimus
526 607 562 657 1,
591 606 668 647 103
694 606 852 655 ‚Bassus
878 605 1054 646 Aufidius
1082 619 1221 659 genere
1246 607 1328 657 ipso
1355 605 1574 657 probabilis,
1602 605 1643 645 in
1670 605 1848 657 operibus
1871 605 2102 656 quibusdam
2129 606 2211 646 suis
2237 607 2349 659 ipse
2373 610 2434 649 vi-

135 664 139 670 ’
186 671 296 712 ribus
308 670 460 720 minor‘,
486 682 579 709 nam
598 667 662 708 hic
675 669 912 720 pronominis
927 682 1021 709 usus
1042 674 1227 720 tanquam
1243 669 1403 720 genitivi
1423 668 1507 708 loco
1531 673 1634 708 stare
1646 668 1839 718 videatur,
1860 669 2052 708 neminem
2067 670 2229 708 tironem
2247 669 2434 722 effugerit.

188 732 485 786 Supersederem
522 732 639 771 etiam
675 730 722 770 de
753 729 948 771 locutione
979 736 1032 781 ‚et
1064 732 1159 783 ipse‘
1186 730 1358 783 pluribus
1385 743 1573 782 exponere
1599 731 1702 770 idem
1734 731 1890 771 valente
1924 735 2040 782 atque
2079 730 2223 770 Graeco
2258 731 2324 771 illo
2353 738 2434 779 ,καὶ

186 793 338 845 adenis-⁴,
364 798 498 834 nostro
524 796 765 842 ,gleichsam
792 797 895 831 auch
927 795 1178 841 seinerseits‘‚
1211 794 1285 831 nisi
1317 792 1439 831 tribus
1465 792 1559 831 locis
1585 793 1778 831 diversam
1805 793 2039 831 sententiam
2072 806 2096 832 a
2119 792 2315 844 Kruegero
2342 807 2430 846 pro-

187 845 357 909 positam
383 855 567 896 viderem.
619 854 764 907 Nempe
790 855 828 905 5,
855 855 883 895 4
915 854 997 906 ,sed
1024 859 1063 894 et
1096 854 1167 895 illa
1200 868 1247 894 ex
1271 854 1405 894 latinis
1440 854 1637 894 conversio
1670 854 1838 895 multum
1874 859 1922 895 et
1954 855 2066 906 ipsa
2098 853 2314 895 contulerit‘
2347 869 2434 897 cum

185 917 389 960 Bonnenio
414 919 473 958 ita
499 917 765 969 accipiendum
793 930 879 957 esse
905 921 1094 968 autumat,
1121 921 1168 957 ut
1194 916 1367 961 ‚multum
1396 921 1435 956 et
1460 918 1555 968 ipsa‘
1583 917 1775 969 significet
1802 921 1991 974 nostrum,
2019 919 2107 966 ,viel
2134 922 2216 956 und
2240 931 2354 957 zwar
2380 933 2434 958 an

186 985 272 1020 und
296 984 369 1029 mr
392 983 475 1019 sich
500 981 643 1020 celbet‘.
697 980 938 1031 Quamquam
963 980 1237 1019 necessitatem
1262 979 1377 1019 huius
1403 980 1730 1030 interpretationis
1763 991 1842 1018 non
1868 980 1926 1019 ita
1950 978 2062 1018 facile
2088 980 2292 1030 quisquam
2320 981 2432 1021 adse-

186 1046 338 1096 quatur.
389 1042 470 1084 Nos
496 1043 640 1083 rectius
667 1042 730 1092 ,et‘
757 1054 827 1094 pro
856 1042 999 1091 ‚etiam‘
1024 1042 1196 1093 positum
1224 1055 1308 1081 esse
1335 1042 1518 1092 dicemus,
1554 1045 1606 1092 ,et
1631 1042 1730 1094 ipsa‘
1763 1046 1893 1081 autem
1918 1040 2106 1081 locutioni
2131 1041 2334 1094 vulgatam
2360 1044 2431 1084 ad-

186 1105 399 1146 scribemus
425 1105 761 1157 significationem.
813 1104 899 1143 Non
923 1104 1063 1143 melius
1089 1117 1152 1143 res
1178 1106 1293 1144 cessit
1320 1104 1458 1143 editori
1485 1103 1629 1154 alioqui
1656 1104 2079 1155 circumspectatissimo
2107 1103 2143 1154 5,
2171 1104 2223 1145 20
2250 1109 2290 1145 et
2316 1106 2351 1156 7,
2379 1106 2432 1147 26

185 1167 469 1219 interpretanti.
521 1166 653 1206 Habet
676 1166 822 1206 Fabius
850 1166 888 1216 5,
911 1167 964 1206 20
990 1165 1104 1206 haec:
1141 1169 1236 1216 ‚tum
1262 1179 1400 1206 causas
1427 1166 1491 1206 vel
1519 1166 1686 1216 easdem,
1714 1180 1810 1218 quas
1840 1167 1905 1218 agi
1932 1166 2108 1214 audierit,
2135 1166 2225 1206 stilo
2254 1172 2299 1207 et
2325 1169 2431 1220 ipse

186 1233 392 1281 componat
416 1228 480 1268 vel
506 1229 625 1268 etiam
651 1227 762 1278 alias,
788 1240 901 1268 veras
927 1228 1043 1268 modo
1066 1232 1106 1268 et
1122 1229 1314 1278 utrimque
1328 1229 1363 1277 1)
1391 1230 1541 1268 tractet‘
1569 1232 1607 1268 et
1626 1229 1661 1278 7,
1689 1229 1739 1269 26
1767 1232 1927 1278 ,motum
1946 1228 2125 1279 corporis,
2153 1229 2220 1280 qui
2247 1234 2295 1269 et
2319 1231 2431 1282 ipse

184 1291 331 1330 excitat
356 1295 548 1330 oratorem
575 1295 614 1329 et
639 1291 849 1330 iactatione
875 1303 1014 1329 manus
1042 1289 1240 1340 hortatur‘,
1272 1290 1313 1328 in
1340 1290 1480 1341 quibus
1505 1290 1618 1342 plane
1644 1303 1722 1330 non
1748 1290 1953 1340 habemus,
1991 1303 2057 1329 cur
2083 1303 2107 1329 a
2132 1290 2286 1342 vulgari
2311 1292 2429 1332 inter-

184 1353 399 1405 pretatione
424 1352 646 1393 recedentes
672 1365 760 1393 cum
784 1352 982 1404 Kruegero
1010 1356 1057 1395 et
1082 1353 1191 1404 ipse
1215 1356 1329 1401 ,atech
1356 1355 1485 1392 selbst‘
1511 1353 1752 1403 explicemus.
1805 1353 1994 1391 Nimirum
2021 1352 2179 1392 offendit
2203 1354 2264 1392 vir
2290 1354 2427 1394 doctus

137 1459 140 1464 ,
185 1415 232 1460 in.
254 1415 431 1465 sequenti
457 1419 521 1464 et,
547 1419 680 1466 utpote
706 1414 810 1466 quod
835 1413 938 1454 male
965 1426 1052 1453 cum
1079 1419 1125 1453 et
1150 1415 1233 1465 ipsa
1259 1415 1390 1454 coiret.
1442 1414 1516 1454 Sed
1542 1414 1686 1454 frustra
1712 1427 1758 1455 ac
1784 1415 1868 1454 sine
1894 1426 2024 1454 causa.
2076 1413 2300 1469 Tenendum
2326 1417 2429 1457 enim

187 1479 262 1525 est,
287 1476 391 1527 quod
416 1477 496 1515 iam
516 1477 718 1527 Zumptius
744 1478 957 1515 rectissime
976 1476 1251 1515 animadvertit
1276 1476 1460 1524 (Gi-amm.
1476 1476 1545 1514 lat.
1564 1477 1657 1525 698)
1686 1481 1739 1525 ,et
1763 1478 1857 1527 ipse‘
1885 1477 1996 1527 quasi
2022 1477 2063 1513 in
2088 1488 2206 1513 unam
2233 1479 2429 1518 notionem

185 1534 397 1576 conflatum
421 1541 515 1577 tunc
539 1538 643 1589 poni,
671 1537 739 1577 ubi
765 1537 869 1577 idem
894 1537 1158 1589 praedicatum
1192 1537 1290 1588 quod
1312 1538 1391 1576 iam
1418 1537 1505 1577 aliis
1531 1538 1767 1590 impertitum
1794 1538 1846 1577 sit
1871 1538 1913 1577 in
1938 1549 2083 1576 novum
2111 1536 2323 1578 subiectum
2350 1543 2429 1580 tra-

183 1597 363 1648 hatur2).
403 1599 470 1638 cfr.
497 1600 573 1639 Cic.
600 1613 668 1651 pro
696 1599 870 1639 Cluentio
898 1601 962 1650 51,
992 1601 1065 1639 141
1094 1599 1251 1649 ,Deinde
1277 1599 1460 1649 Crassus,
1487 1604 1531 1638 ut
1555 1599 1779 1651 intellegere
1804 1604 1936 1650 posset
1960 1599 2122 1648 Brutus,
2160 1612 2273 1650 quem
2305 1600 2430 1640 homi-

184 1672 277 1708 nem
301 1659 533 1711 lacessisset,
569 1664 649 1701 tres
675 1664 719 1701 et
744 1662 853 1713 ipse
885 1662 1071 1701 excitavit
1101 1662 1334 1701 recitator‘es
1371 1661 1410 1701 h.
1438 1674 1471 1700 e.
1505 1665 1683 1711 ,Daraur
1712 1665 1801 1701 eiess
1837 1665 2017 1711 Crassus,
2051 1663 2125 1699 wie
2157 1664 2243 1700 sein
2280 1667 2432 1711 Geqner

185 1727 330 1781 celsum
354 1727 478 1774 hatte,
505 1728 695 1772 ebenfalle
717 1727 805 1763 drei
827 1727 904 1765 Vm
905 1730 1007 1764 teser
1025 1726 1244 1772 vorrut‘en‘.
1277 1727 1401 1776 Atque
1420 1729 1463 1764 ut
1481 1724 1531 1764 ad
1548 1724 1712 1764 Fabium
1731 1728 1980 1774 revertamur,
2008 1723 2132 1763 dicere
2149 1723 2236 1764 vult
2257 1727 2430 1779 scriptor,

184 1785 222 1826 si
244 1784 377 1838 paullo
405 1786 598 1837 copiosius
625 1786 815 1837 explicare
840 1786 941 1837 licet,
968 1786 1070 1839 quod
1089 1785 1154 1826 ille
1180 1788 1310 1838 paucis
1338 1786 1503 1837 quidem,
1531 1786 1599 1826 sed
1625 1787 1722 1825 bene
1748 1800 1793 1826 ac
1817 1799 1895 1825 non
1924 1787 2084 1826 obscure
2111 1786 2280 1828 absolvit
2301 1790 2339 1840 5,
2361 1790 2431 1831 2οι

149 1843 151 1845 ’
185 1859 338 1898 ‚causas
364 1851 404 1887 et
429 1848 512 1900 ipse
539 1852 745 1900 componat
770 1850 935 1900 iuvenis,
962 1862 1059 1900 quas
1085 1850 1165 1888 iam
1192 1848 1256 1888 alii
1284 1853 1456 1889 oratores
1484 1849 1739 1888 consummati
1765 1849 2076 1900 composuerunt‘
2103 1848 2167 1888 vel
2185 1849 2220 1899 7,
2239 1849 2309 1891 26:
2337 1866 2431 1900 ,mo-

184 1913 251 1949 tus
285 1910 455 1961 corporis
486 1913 527 1949 et
558 1911 642 1961 ipse
675 1914 866 1949 oratorem
899 1911 1043 1950 excitat
1078 1923 1201 1962 aeque
1235 1915 1350 1962 atque
1387 1910 1556 1949 eiusdem
1591 1911 1743 1962 generis
1770 1911 1849 1951 alia
1881 1923 1970 1950 eum
2003 1912 2172 1951 excitare
2204 1911 2354 1953 solent‘.
2380 1936 2432 1942 —

182 1970 317 2026 Neque
342 1971 465 2012 multo
494 1971 607 2013 aliter
637 1986 700 2012 res
727 1986 814 2014 sese
845 1971 964 2013 habet
997 1973 1034 2023 6,
1065 1974 1104 2013 1:
1141 1973 1333 2023 ,Proxima
1360 1973 1449 2012 stilo
1477 1973 1658 2024 cogitatio
1687 1977 1763 2023 est,
1799 1986 1898 2024 quae
1925 1978 1971 2012 et
1996 1975 2107 2025 ipsa
2137 1974 2240 2012 vires
2275 1974 2325 2014 ab
2360 1974 2433 2015 hoc

183 2034 325 2087 aedpit
349 2038 390 2074 et
415 2039 477 2075 est
501 2035 603 2075 inter
629 2034 819 2075 scribendi
844 2034 1015 2075 laborem
1035 2035 1408 2087 extemporalemque
1434 2035 1627 2075 fortunam
1654 2035 1782 2075 media
1807 2035 2023 2086 quaedam‘,
2050 2049 2164 2088 quem
2192 2036 2348 2087 quidem
2373 2037 2433 2078 lo-

184 2109 274 2136 cum
299 2096 521 2149 Kruegerus
548 2098 735 2136 intactum
760 2097 927 2148 reliquit,
962 2097 1212 2149 Spaldingius
1238 2102 1277 2137 et
1302 2096 1552 2137 Frotscherus
1586 2098 1627 2136 in
1654 2097 1935 2136 dubitationem
1962 2098 2259 2149 devocaverunt,
2293 2100 2433 2152 quippe

185 2157 423 2199 offendentes
448 2159 490 2200 in
517 2159 769 2211 subsequenti
795 2163 860 2209 et,
886 2173 954 2211 pro
982 2173 1057 2211 quo
1085 2161 1263 2211 primitus
1290 2164 1457 2211 ,estque
1472 2161 1570 2199 inter
1588 2160 1780 2200 scribendi
1797 2159 1980 2199 laborem‘
2008 2174 2064 2212 sq.
2089 2161 2209 2200 fuisse
2229 2163 2429 2213 suspican-

183 2226 262 2266 tur.
299 2221 431 2273 Neque
457 2223 560 2262 enim
588 2221 829 2262 commodam
854 2221 1082 2261 relationem
1111 2234 1195 2261 esse
1221 2223 1319 2262 inter
1345 2226 1391 2261 et
1417 2245 1467 2251 —
1495 2226 1558 2271 et,
1587 2235 1673 2262 cum
1700 2223 1807 2274 prius
1826 2223 1968 2261 rectius
1995 2222 2186 2262 coalescat
2203 2236 2288 2264 cum
2306 2224 2430 2275 ipsa.

183 2284 272 2332 Hoc
296 2284 457 2329 refutari
482 2283 581 2323 nihil
607 2297 705 2336 opus
732 2289 804 2334 est,
838 2297 995 2324 necesse
1020 2290 1080 2324 est
1105 2298 1177 2323 nos
1205 2284 1395 2324 fateamur
1427 2298 1548 2336 neque
1574 2284 1759 2324 librorum
1785 2284 1862 2324 fide
1887 2298 2012 2336 neque
2037 2286 2198 2324 rationis
2224 2287 2432 2326 momentis

184 2345 287 2390 hanc
317 2345 518 2399 Spaldingi
544 2347 804 2387 coniecturam
830 2346 967 2387 fulciri.

307 2409 449 2449 Utrum
467 2408 598 2448 Cicero
626 2413 678 2459 ‚et
703 2410 798 2461 ipse‘
823 2408 898 2448 hac
924 2409 1206 2461 significatione
1224 2423 1317 2449 usus
1345 2411 1398 2449 sit
1423 2423 1553 2461 necne,
1582 2410 1800 2461 discrepant
1825 2411 1899 2450 viri
1926 2409 2029 2450 docti
2055 2414 2095 2449 et
2121 2409 2247 2449 adhuc
2273 2409 2344 2449 sub
2371 2410 2430 2450 iu—

185 2471 270 2512 dice
294 2470 346 2512 lis
373 2475 444 2513 est.
498 2471 614 2512 Velut
638 2471 840 2512 Madvicus
866 2485 968 2512 unus
995 2472 1265 2512 exactissimus
1290 2473 1456 2512 Latinae
1482 2472 1636 2525 linguae
1663 2472 1807 2512 arbiter
1840 2473 1904 2522 (de
1930 2472 2015 2512 Fin.
2042 2473 2076 2512 V
2102 2473 2154 2512 22
2180 2487 2216 2523 p.
2246 2472 2337 2522 718)
2371 2472 2433 2524 ,Et

182 2535 281 2586 ipse,
316 2534 454 2586 inquit,
490 2534 593 2586 apud
632 2533 855 2573 Ciceronem
882 2534 1025 2587 legitur
1056 2536 1203 2573 incerta
1237 2535 1312 2574 fide
1339 2547 1408 2586 pro
1435 2534 1543 2574 Caes.
1570 2536 1634 2585 58,
1671 2534 1723 2574 ad
1748 2535 1827 2574 Att.
1854 2534 1945 2573 VIII
1973 2535 2008 2585 7,
2038 2535 2085 2573 1‘.
2149 2533 2366 2586 Draegerus
2394 2538 2435 2574 et

182 2596 267 2648 ipse
292 2596 334 2636 in
366 2595 569 2647 disciplina
601 2598 852 2648 grammatica
888 2598 923 2636 si
951 2597 1159 2648 quisquam
1194 2600 1374 2636 versatus
1401 2596 1501 2636 Hist.
1530 2596 1640 2645 Synt.
1676 2611 1714 2648 p.
1742 2596 1793 2637 65
1824 2598 1991 2648 quinque
2022 2596 2129 2636 locos
2166 2609 2214 2635 ex
2255 2596 2435 2637 Cicerone

182 2656 310 2699 adfert
333 2656 437 2698 hunc
463 2671 577 2698 usum
604 2658 910 2711 comprobantes,
945 2673 1067 2699 unum
1101 2659 1368 2700 tantummodo
1401 2658 1510 2699 illum
1544 2672 1612 2711 pro
1642 2658 1818 2700 Cluentio
1853 2662 1997 2699 certum
2023 2663 2139 2710 atque
2169 2658 2430 2699 indubitatum

22 2746 55 2772 ,—
123 2755 127 2759 ,
183 2733 271 2761 esse
297 2721 550 2771 confirmans,
586 2721 689 2759 unde
724 2722 790 2760 ille
826 2735 920 2761 num
946 2727 1049 2761 recte
1076 2721 1274 2773 collegerit
1299 2721 1518 2761 Ciceronem
1545 2721 1750 2761 admisisse
1776 2720 1876 2761 hanc
1902 2722 2227 2761 constructionem
2254 2721 2443 2777 equidem⁴

312 2866 342 2906 ¹)
365 2865 428 2950 hpc
442 2869 497 2900 est
516 2866 559 2900 in
580 2869 807 2951 utramgie
829 2870 1014 2910 partem,
1038 2869 1079 2902 ut
1093 2867 1146 2901 ait
1161 2867 1288 2902 Caesar
1304 2877 1331 2900 e.
1349 2876 1383 2909 g.
1399 2866 1440 2901 de
1455 2866 1545 2901 bello
1560 2866 1692 2901 Gallico
1708 2866 1748 2901 V.
1763 2866 1814 2907 30,
1835 2869 1876 2900 ut
1898 2876 1960 2900 nos
1976 2865 2118 2900 dicimus
2142 2875 2212 2908 ‚pro
2234 2868 2271 2899 et
2293 2867 2442 2899 contrat⁴

309 2920 340 2958 ²)
364 2927 382 2950 c
398 2926 425 2951 r.
448 2918 553 2951 etiam
576 2920 605 2959 1,
626 2919 677 2952 31.
700 2919 718 2951 1
762 2942 770 2950 .
