2617 3295
1297 82 1332 133 γ

6 238 48 271 2:23²
319 217 357 269 3,
379 217 436 258 32
471 229 572 267 ,nam
607 217 762 256 interim
797 217 995 269 pigritiam
1029 217 1260 258 emendandi
1293 219 1497 270 angustiae
1530 216 1677 257 faciunt
1712 221 1781 257 aut
1805 221 1907 257 certe
1932 226 2123 255 novorum
2147 212 2440 266 interposifim

7 283 19 336 ’κ
76 276 88 315 ’,
111 313 114 316 ,
137 286 143 289 s
165 285 168 289 ’
196 278 326 331 priora
349 277 596 319 confundant‘
624 282 664 318 et
688 278 726 328 6,
755 279 777 319 1
805 278 913 330 ,haec
939 277 1010 331 (sc.
1034 279 1238 333 cogitatio)
1263 278 1408 332 aliquid
1431 280 1584 320 invenit
1607 280 1745 320 vacui‘.

321 341 531 381 Veniamus
555 353 658 380 nunc
683 340 735 379 ad

2407 381 2418 401 ἱ

1300 413 1353 455 A

201 486 536 539 praepositionem,
569 486 611 525 in
637 498 713 537 qua
738 486 1007 538 pertractanda
1032 486 1130 527 duos
1157 486 1421 528 tantummodo
1446 486 1553 527 locos
1578 487 1710 527 inveni
1735 487 1828 527 novi
1854 484 1999 537 aliquid
2024 484 2275 525 continentes.
2317 482 2437 524 'roton

203 549 428 589 exscribam.
1367 546 1370 549 ‘
1747 576 1749 578 -

327 611 364 661 3,
392 612 417 650 2
455 610 566 660 ,Nam
601 614 647 649 ut
678 615 781 650 terra
814 610 891 650 alte
926 610 1066 650 effossa
1091 610 1318 662 generandis
1352 610 1575 662 alendisque
1602 611 1812 650 seminibus
1839 607 2036 649 fecundior
2061 607 2125 658 fit,
2164 608 2220 647 sic
2244 606 2440 659 profectus

202 684 294 711 non
327 686 351 712 a
383 685 562 712 summo
595 673 788 724 petitus
816 672 1029 712 studiorum
1055 672 1200 713 fructus
1227 677 1267 712 et
1292 672 1418 713 fundit
1443 673 1598 712 uberius
1627 677 1666 712 et
1700 672 1850 712 fidelius
1885 671 2067 719 continet‘
2102 682 2202 721 quae
2233 667 2440 710 vernacule
2572 721 2577 727 .
2604 709 2617 729 η,

201 734 258 773 sic
283 734 360 775 fere
386 734 494 774 reddi
518 738 682 786 possunt
714 739 841 785 ‚Denn
873 748 915 774 so
949 737 1022 773 wie
1057 737 1120 773 ein
1153 738 1230 783 tier
1258 739 1569 784 atcrqelockerter
1597 739 1733 774 Boden
1764 737 2027 783 fruchtbarer
2059 735 2163 771 wira
2196 746 2265 771 um
2288 735 2441 772 santa·
2598 729 2617 776 ζ

200 800 542 845 Ιιετυονσρνὶεεεεη
567 809 620 835 zu
647 802 774 835 lassen
800 802 884 836 und
908 810 960 836 zu
986 801 1205 847 ενηᾰΙιπ-εη,
1238 811 1280 836 so
1307 802 1466 844 spendet
1499 800 1562 836 ein
1588 800 1894 846 Fortschreiten,
1929 800 2137 835 welches
2170 797 2277 833 nich
2307 796 2442 833 nicht
2608 803 2617 812 ’-

201 862 295 906 ater
314 863 402 897 der
433 863 711 906 Oberlldche
736 863 858 908 halt,
886 863 959 896 der
986 861 1121 897 Arbeit
1141 863 1313 897 Frnchte
1338 861 1574 898 reichticher
1600 864 1685 898 und
1712 863 1889 898 bewahrc
1916 861 1973 897 sie
1998 856 2285 906 actv-eutiches.
2324 854 2441 895 Pro·

200 920 356 960 fectus
382 933 471 960 non
499 933 524 959 a
550 933 734 960 summo
760 922 953 972 petitus
979 943 1030 949 -
1056 934 1160 960 nova
1186 934 1280 960 sane
1305 921 1444 961 locutio
1465 925 1525 960 est
1543 934 1588 960 ac
1607 922 1715 967 mira,
1744 933 1843 973 quae
1859 924 1991 960 tamen
2009 918 2440 970 similitudinemssquan-

202 981 293 1022 dam
318 981 437 1022 habet
463 995 550 1022 cum
577 982 638 1033 ,ab
665 984 755 1022 imo‘
788 983 854 1023 cfr.
880 982 918 1022 II
944 984 980 1033 8,
1010 983 1058 1023 15
1084 984 1220 1034 ,oratio
1252 983 1418 1035 perfecta
1450 996 1529 1023 non
1563 987 1624 1023 est
1654 984 1730 1023 nisi
1765 983 1814 1022 ab
1848 983 1925 1022 imo
1961 981 2012 1022 ad
2038 994 2233 1020 summum
2259 979 2439 1020 omnibus

202 1044 352 1085 intenta
376 1045 506 1085 nervis
534 1046 760 1085 consentiat‘
773 1044 822 1094 1).

327 1108 365 1157 5,
395 1109 442 1147 17
479 1107 755 1157 ,adulescentes
787 1120 864 1145 non
897 1107 1038 1145 debent
1062 1107 1242 1145 inanibus
1269 1119 1312 1145 se
1338 1106 1551 1145 simulacris
1583 1107 1849 1157 adsuefacere,
1876 1106 1935 1145 'ne
1967 1106 2016 1144 ab
2051 1105 2120 1144 illa
2152 1107 2194 1144 in
2219 1117 2295 1156 qua
2321 1114 2441 1156 prope

201 1174 493 1221 consenuerunt,
521 1169 659 1210 umbra
685 1183 778 1209 vera
805 1168 1025 1209 discrimina
1050 1169 1159 1209 velut
1181 1168 1369 1221 quendam
1397 1168 1516 1209 solem
1543 1169 1814 1209 reformident‘.
1867 1168 1938 1219 ‚Ab
1964 1168 2032 1208 illa
2056 1167 2205 1208 umbra‘
2233 1165 2439 1208 Schneide-

200 1232 329 1272 winus
352 1231 456 1271 idem
483 1245 567 1271 esse
594 1233 649 1271 ait
674 1236 790 1282 atque
816 1230 949 1270 relicta
974 1230 1043 1271 illa
1067 1230 1264 1271 umbratili
1299 1230 1536 1271 declamandi
1572 1232 1862 1282 exercitatione,
1902 1243 1978 1283 quo
2013 1243 2131 1270 sensu
2157 1229 2234 1281 ab,
2271 1242 2329 1269 cx
2361 1227 2439 1269 fre·

201 1295 376 1345 quentari
404 1299 538 1334 notum
566 1296 628 1334 sit.
669 1294 787 1333 Recte
814 1293 879 1332 ille
905 1294 1059 1344 quidem
1084 1293 1284 1343 hactenus,
1312 1293 1412 1345 quod
1439 1294 1512 1343 ,ab‘
1538 1295 1814 1345 praepositioni
1839 1293 1999 1332 localem
2023 1306 2180 1332 sensum
2205 1292 2440 1344 impertitum

198 1354 295 1406 vult,
322 1354 392 1395 sed
418 1355 685 1396 subaudienda
711 1359 771 1395 est
795 1368 857 1394 me
882 1355 1006 1396 iudice
1033 1368 1152 1395 causa
1176 1355 1234 1395 ita
1258 1359 1304 1394 ut
1328 1355 1401 1406 ,ab‘
1428 1356 1569 1407 partim
1595 1353 1682 1395 α’πό
1708 1357 1851 1409 partim
1877 1353 1962 1395 ὑπό
1988 1355 2095 1395 reddi
2121 1355 2257 1406 possit.

322 1417 381 1457 De

1243 1488 1392 1532 Ante

200 1563 480 1614 praepositione
506 1563 604 1602 nihil
630 1562 726 1602 mihi
753 1563 911 1614 dignum
928 1563 1081 1602 videtur
1098 1575 1196 1612 esse,
1225 1563 1326 1613 quod
1342 1562 1405 1602 hic
1428 1575 1630 1615 apponam,
1657 1566 1735 1604 nisi
1761 1568 1879 1604 ante
1906 1564 2070 1603 omnia
2095 1561 2313 1611 formulam,
2340 1572 2440 1613 quae

324 1637 361 1664 a.
388 1625 666 1664 enumerationi
693 1625 856 1663 inservit
880 1625 921 1663 in
947 1624 1010 1664 his
1037 1624 1238 1675 exemplis:

326 1686 361 1736 1,
389 1686 414 1725 3
441 1686 577 1736 ,dicere
604 1690 694 1725 ante
722 1687 851 1725 omnia
877 1690 948 1736 est,
975 1687 1195 1738 proximum
1221 1685 1356 1725 deinde
1379 1686 1549 1726 imitatio
1577 1691 1649 1736 est,
1675 1688 1931 1727 novissimum
1957 1685 2148 1726 scribendi
2174 1697 2326 1737 quoque
2352 1683 2439 1724 dili-

200 1749 358 1800 gentia‘.
408 1748 443 1799 7,
471 1749 496 1788 6
522 1747 693 1798 ,ducetur
719 1753 826 1787 ante
854 1749 1014 1788 omnia
1037 1762 1165 1788 rerum
1191 1749 1276 1799 ipsa
1302 1749 1409 1799 serie,
1439 1748 1576 1788 deinde
1603 1749 1694 1800 quid
1721 1754 1920 1801 quaerant,
1948 1750 2080 1798 scient,
2106 1752 2342 1800 postremum
2368 1745 2440 1785 ha·

201 1809 348 1850 bebunt
372 1809 553 1850 modum‘.
606 1810 680 1850 Pro
709 1815 823 1851 ante
850 1812 1013 1851 omnia
1038 1810 1126 1850 aliis
1151 1810 1297 1850 Fabius
1331 1810 1425 1851 locis
1462 1810 1579 1851 habet
1602 1813 1769 1864 primum
1796 1813 1966 1852 omnium
2001 1811 2068 1850 cfr.
2095 1809 2361 1862 Spaldingium
2387 1807 2439 1848 ad

201 1871 255 1912 lv
280 1872 318 1924 2,
344 1873 371 1912 4
396 1884 466 1911 sex
492 1872 667 1924 exempla
691 1871 792 1912 hunc
816 1886 930 1913 usum
956 1873 1141 1913 testantia
1167 1872 1411 1913 adferentem.

328 1935 366 1976 b.
406 1935 664 1987 exaggerandi
689 1936 771 1976 vim
797 1935 915 1977 habet
939 1937 979 1976 in
1005 1935 1084 1976 his:

326 1999 363 2047 2,
390 1998 418 2037 4
449 1998 559 2046 ,Ante
585 1999 714 2037 omnia
740 1999 859 2050 igitur
894 1999 1058 2037 imitatio
1085 2011 1153 2049 per
1179 2010 1222 2036 se
1247 1999 1333 2049 ipsa
1356 2010 1436 2037 non
1462 1999 1631 2038 sufficit‘.
1684 2000 1720 2050 3,
1748 2000 1773 2039 3
1809 1999 1929 2049 ,Vires
1955 1998 2142 2037 faciamus
2166 2001 2256 2037 ante
2281 1997 2437 2036 omnia‘.

201 2059 268 2101 cfr.
293 2059 527 2112 Draegerum
553 2073 590 2111 p.
617 2059 714 2101 556:
742 2063 814 2099 Die
839 2063 1020 2109 haustqen
1037 2064 1225 2101 Formeln
1251 2064 1341 2100 ante
1367 2062 1508 2111 omnia,
1535 2074 1680 2112 omnes,
1707 2061 1816 2112 alios,
1844 2066 1988 2101 ceteros
2014 2063 2102 2099 sind
2121 2063 2327 2107 dui-clama
2343 2073 2438 2107 poe-

202 2125 301 2162 tice-1⁸
327 2126 410 2161 und
435 2124 691 2172 unklassisch,
717 2135 801 2161 nur
823 2127 914 2162 ante
940 2135 1072 2163 omnes
1100 2126 1201 2161 steht
1227 2126 1328 2161 auch
1352 2127 1472 2161 sehon
1499 2126 1559 2162 bei
1584 2128 1758 2163 Plautus.
1770 2123 1809 2176 ²)

1107 2214 1276 2259 circa
1302 2220 1339 2255 et
1365 2215 1541 2258 citra.

326 2297 436 2347 Quod
460 2297 624 2337 Bonnell
652 2298 710 2337 ed.
737 2312 773 2349 p.
803 2300 851 2338 16
877 2300 1027 2350 posuit:
1064 2302 1153 2348 ,Mit
1178 2302 1312 2337 seinen
1329 2302 1601 2347 Zeityenossen
1629 2303 1738 2339 them
1765 2312 1811 2336 er
1836 2302 2012 2345 folyende
2030 2300 2335 2344 Abweichunqen
2352 2309 2440 2335 vom

201 2361 572 2408 sprachqebrauche
600 2364 672 2398 der
698 2362 787 2398 Zeit
807 2362 993 2400 Cicero's:
1021 2361 1120 2400 circa
1145 2363 1187 2401 in
1213 2365 1286 2399 der
1303 2365 1531 2409 Bedeutuny
1557 2364 1614 2411 ,in
1639 2362 1816 2411 Betreff‘,
1842 2361 1935 2399 citra
1960 2365 2057 2398 stan
2083 2358 2230 2410 sine,³)
2256 2357 2320 2398 his
2344 2357 2440 2397 locis

202 2421 471 2461 confirmatur:

331 2535 362 2576 ¹)
384 2534 445 2568 cfr.
467 2533 700 2577 Naegelsbach
723 2533 744 2566 1.
767 2533 789 2567 1.
811 2543 843 2577 p.
865 2534 998 2569 66-68.

326 2587 360 2628 ¹)
383 2586 441 2620 cfr.
464 2587 567 2621 etiam
589 2585 699 2619 Hand.
722 2586 818 2619 Turs.
841 2586 860 2619 I
880 2596 914 2627 p.
935 2587 1111 2622 386—389.

330 2639 360 2680 ⁸)
382 2639 432 2672 Ac
452 2649 494 2672 ne
517 2638 591 2681 quis
613 2639 675 2671 hoc
696 2638 747 2671 ita
769 2637 896 2670 dictum
917 2641 1027 2680 putet,
1050 2642 1223 2680 tamquam
1244 2639 1369 2674 Fabius
1391 2648 1412 2674 a
1432 2639 1696 2682 praepositione.
1711 2639 1804 2680 ‚sine‘
1827 2640 2052 2681 abhorruerit,
2074 2639 2179 2675 adeat
2199 2638 2301 2674 velim
2322 2638 2353 2678 1,
2373 2638 2434 2680 243

200 2692 232 2731 2,
252 2691 290 2732 43
310 2691 340 2730 3,
361 2691 399 2731 23
420 2690 451 2730 4,
475 2693 512 2732 13
535 2693 563 2731 7,
585 2692 615 2725 5.
658 2690 752 2724 Unus
780 2690 925 2723 maxime
953 2694 1141 2724 memoratu
1170 2691 1296 2732 dignus
1326 2694 1379 2724 est
1401 2692 1494 2725 loeus
1524 2702 1620 2732 quem
1642 2693 1790 2734 legimus
1819 2695 1847 2732 1,
1869 2695 1921 2727 51.
1957 2693 2091 2734 ,Verum
2121 2692 2176 2725 hic
2203 2701 2248 2723 sc.
2270 2691 2439 2724 Homerus

201 2751 315 2776 omues
337 2742 429 2775 sine
451 2741 576 2775 dubio
605 2743 720 2784 procul
747 2752 768 2774 a
795 2752 831 2775 se
852 2741 1005 2783 reliquit,
1035 2742 1148 2785 epicos
1176 2745 1317 2776 tamen
1343 2743 1544 2786 praecipue‘.
1588 2744 1794 2786 Iunguntur,
1823 2748 1864 2778 ut
1892 2745 1943 2778 ait
1965 2744 2186 2786 Spaldingius
2214 2742 2260 2776 ad
2286 2742 2315 2783 1,
2337 2743 2369 2783 6,
2390 2743 2443 2783 74,

201 2793 268 2826 hae
288 2802 387 2828 voces
409 2803 511 2835 saepe
533 2804 554 2827 a
575 2797 690 2826 nostro
711 2794 852 2835 eiusque
866 2794 1067 2835 aequalibus
1090 2803 1129 2827 eo
1145 2795 1352 2836 significatu,
1376 2804 1441 2835 quo
1464 2799 1518 2828 est
1532 2795 1836 2837 Francogallorum
1857 2806 1947 2836 ,sans
1969 2796 2092 2835 doute‘,
2113 2803 2188 2828 cum
2209 2793 2441 2829 introducitur

199 2844 366 2888 exceptio,
389 2844 450 2878 sed
473 2853 559 2886 quae
580 2855 647 2878 nou
676 2854 751 2879 esse
778 2846 896 2886 magni
919 2844 1081 2879 momenti
1103 2844 1224 2879 deinde
1253 2845 1464 2888 ostendatur,
1486 2846 1545 2880 ubi
1573 2851 1735 2882 secuntur
1764 2847 1954 2891 particulae
1976 2846 2065 2888 sed,
2087 2849 2251 2888 autem,
2281 2849 2445 2887 tamen,

199 2899 295 2931 retro
315 2895 512 2940 spectantes
533 2895 578 2932 ad
598 2896 686 2932 iliud
706 2896 800 2932 sine
823 2896 967 2940 dubio,
989 2900 1042 2933 est
1063 2906 1145 2940 ergo
1167 2906 1228 2941 pro
1251 2897 1432 2941 quidem.
