2617 3295
0 554 10 582 ,ἱ
20 555 41 576 *τ’

0 582 11 596 4.

0 601 33 648 {³³²³

0 647 43 705 {332

1282 63 1352 111 26

144 178 163 232 ².»
193 199 337 252 mi,
372 200 512 254 quippe
542 211 656 252 quem
686 211 788 239 unus
820 199 982 252 quisque
1014 197 1128 239 facile
1159 197 1391 239 subaudiret.
1450 196 1528 238 Alii
1561 197 1694 238 velut
1724 201 1904 239 erectos
1937 202 2154 251 tentarunt,
2188 199 2240 241 ad
2272 190 2436 255 specim
2468 187 2470 190 ‚
2536 201 2546 218 ⁴

194 263 362 304 romae
386 275 466 303 non
491 261 804 315 improbabiliter,
838 261 907 301 sed
932 260 1073 301 vellem
1099 262 1440 310 demonstrassent,
1468 272 1534 300 cur
1558 260 1707 300 velut
1732 274 1756 301 a
1782 262 1964 314 scriptore
1990 261 2244 304 translationi·
2259 267 2343 305 tam
2367 267 2438 306 tri·

194 330 261 367 he
286 326 462 377 additum
488 329 603 365 esset.
655 324 884 365 Frotschero
903 318 1055 376 ¹placuit
1078 337 1287 376 proponere
1319 328 1365 363 et
1398 323 1537 364 velut
1563 328 1742 374 erctos‚
1779 326 1805 364 i.
1834 337 1866 364 0.
1899 328 2061 375 septum,
2095 326 2198 365 unde
2235 326 2438 368 thesauros

194 400 416 442 expromere
440 387 566 440 liceat,
593 401 711 441 quam
737 391 868 429 tamen
886 386 1144 427 coniecturam
1170 385 1341 440 pluribus
1367 387 1534 427 refutare
1560 387 1667 440 piget
1691 399 1815 439 neque
1841 390 1885 427 ut
1901 386 2062 427 arbitror
2087 390 2346 430 necessarium
2363 393 2434 442 est,

193 451 502 503 quandoquidem
527 452 721 490 neminem
747 454 920 489 nostrum
945 449 1018 487 hoc
1036 450 1196 487 verbum
1220 451 1446 488 inusitatum
1463 449 1584 488 Fabio
1613 450 1856 488 obtrusumm
1876 461 1961 487 esse
1983 462 2104 500 spero.
2144 450 2274 489 Etiam
2294 451 2436 491 velut

193 518 376 562 tectos,
404 513 509 565 quod
534 513 647 553 multi
674 511 838 564 amplexi
864 515 966 561 sunt,
993 511 1170 562 equidem
1188 524 1264 551 non
1291 512 1489 561 suaserim,
1516 515 1562 550 ut
1588 511 1784 561 scribatur,
1811 524 1903 551 nam
1928 511 2024 551 alter
2040 513 2158 562 locus,
2185 513 2252 551 ubi
2278 518 2436 554 tectus

192 575 297 618 idem
327 575 523 628 significat
556 579 671 628 atque
698 577 879 620 ‚nostrum
913 575 1149 623 ,yeschmzae‘
1176 577 1300 614 exstat
1333 573 1475 613 nullus.
1527 574 1845 626 Exspectaremus
1872 573 2029 625 saltem,
2064 588 2088 614 a
2114 587 2282 626 quanam
2307 589 2349 616 re
2373 575 2432 616 illi

192 638 284 677 tecti
310 637 432 678 fuisse
458 638 639 678 censendi
665 641 804 676 essent.
845 635 1000 675 Accedit
1025 636 1129 685 quod
1155 636 1291 676 velut
1318 636 1368 675 ad
1395 640 1557 675 tectos
1584 638 1802 688 appositum
1828 635 1940 675 nihili
1967 641 2037 675 est.
2082 637 2168 675 Non
2193 636 2316 676 multo
2342 637 2430 690 plus

190 699 453 752 proficiamus,
481 702 516 741 si
543 713 627 740 cum
654 698 853 739 Schuetzio
881 699 1159 747 ,recinctos‘
1186 699 1444 738 restituamus.
1480 699 1537 738 De
1563 703 1674 739 veste
1702 700 1804 738 e'nim
1830 699 1996 738 recincta
2022 699 2189 750 cogitare
2215 701 2335 739 totius
2359 700 2433 739 loci

192 774 315 802 sensu
338 767 529 803 vetamur.
581 761 760 801 Halmius
794 760 959 812 denique
995 760 1082 800 istis
1113 760 1286 800 omnibus
1322 761 1404 800 iure
1430 762 1642 813 meritoque
1670 762 1808 813 spretis
1835 761 1956 800 crucis
1983 762 2136 813 signum
2162 761 2244 801 loco
2272 774 2432 814 praepo-

191 825 284 875 suit,
310 837 385 876 quo
412 824 599 863 indicaret
624 836 665 862 se
693 827 837 862 certam
862 822 937 862 loci
963 822 1152 863 medelam
1181 823 1416 872 desperasse,
1443 824 1483 860 in
1510 823 1758 862 adnotatione
1786 823 1917 861 critica
1942 827 2072 861 tamen
2098 824 2229 873 posuit
2252 825 2431 873 quamvis

191 890 414 926 cunctanter
440 889 662 925 secretos
693 884 758 924 vel
793 885 1039 924 coercitos.
1094 884 1179 923 Hoc
1213 888 1433 923 secretos
1466 898 1491 923 a
1517 884 1649 924 multis
1685 885 1779 924 viris
1816 884 1938 924 doctis
1964 884 2162 924 laudatum
2195 885 2430 936 probabilius

189 948 331 988 saltem
351 960 436 988 esse
454 947 581 987 iudico
605 941 783 986 omnibus
801 959 900 998 quae
919 946 967 985 ab
987 945 1075 985 aliis
1094 947 1310 997 excogitata
1326 950 1416 985 sunt
1438 960 1561 998 neque
1584 960 1646 986 me
1666 946 1714 986 ab
1734 946 1807 986 hoc
1828 946 1993 986 multum
2011 946 2213 986 abhorrere
2236 947 2429 999 profiteor.

189 1009 318 1051 Nihilo
345 1015 475 1051 autem
501 1011 630 1049 minus
656 1008 752 1049 mihi
777 1013 991 1061 temperare
1017 1021 1188 1060 nequeo,
1223 1009 1314 1060 quin
1348 1008 1439 1060 quid
1465 1022 1535 1061 ego
1564 1009 1611 1048 de
1636 1008 1708 1049 hoc
1734 1009 1818 1049 1000
1846 1011 2021 1060 sentiam,
2049 1022 2282 1062 expromam.
2336 1009 2429 1062 Agit

188 1072 335 1114 Fabius
367 1073 415 1113 de
449 1074 498 1113 iis
531 1071 752 1114 hominibus
785 1072 929 1112 scilicet
954 1073 1081 1125 poetis
1113 1071 1178 1112 vel
1204 1072 1461 1124 scriptoribus,
1489 1072 1554 1124 qui
1581 1073 1615 1112 si
1640 1072 1754 1113 modo
1788 1072 1947 1125 dignum
1982 1072 2126 1125 aliquid
2161 1072 2356 1114 elaborare
2389 1078 2429 1113 et

189 1135 340 1175 efficere
366 1135 514 1186 volunt,
539 1136 762 1186 relinquunt
788 1135 1101 1174 consuetudinem
1129 1136 1335 1173 amicorum
1362 1140 1400 1174 et
1418 1135 1695 1174 iucunditatem
1721 1135 1840 1186 urbis,
1872 1135 2055 1175 deserunt
2075 1140 2200 1175 cetera
2218 1135 2358 1186 officia,
2385 1136 2426 1174 in

187 1211 348 1238 nemora
374 1202 412 1237 et
437 1198 545 1238 lucos
570 1200 596 1237 i.
625 1211 657 1237 e.
685 1197 933 1237 solitudinem
961 1197 1158 1236 secedunt.
1198 1197 1267 1236 Sed
1297 1198 1508 1236 verendum
1534 1202 1595 1237 est
1622 1211 1708 1237 011111
1729 1197 1979 1247 Quintiliano,
2005 1210 2054 1236 ne
2081 1198 2268 1238 silvarum
2295 1211 2424 1237 amoe-

188 1260 293 1300 nitas
311 1260 584 1312 cogitationem
602 1261 730 1312 potius
748 1259 921 1297 remittat
938 1272 1053 1310 quam
1071 1258 1254 1297 intendat.
1293 1258 1573 1298 Demosthenes
1591 1258 1740 1308 melius,
1767 1260 1893 1311 inquit
1910 1259 2050 1309 rhetor,
2078 1261 2143 1312 qui
2170 1274 2212 1300 se
2230 1261 2271 1299 in
2289 1259 2427 1310 locum,

188 1334 237 1362 ex
270 1334 345 1374 quo
380 1322 490 1361 nulla
521 1322 695 1362 exaudiri
720 1335 799 1361 vox
825 1325 865 1361 et
891 1334 938 1361 ex
964 1334 1039 1372 quo
1067 1320 1164 1360 nihil
1191 1322 1356 1372 prospici
1381 1326 1523 1372 posset,
1556 1322 1870 1372 recondebat,
1906 1334 1956 1361 ne
1983 1321 2090 1362 aliud
2116 1335 2230 1374 agere
2255 1326 2425 1362 mentem

188 1388 369 1434 cogerent
395 1384 507 1423 oculi.
560 1384 684 1434 Igitur
711 1397 758 1423 ex
783 1383 866 1422 loco
894 1382 1168 1431 recondito,
1202 1396 1275 1433 quo
1302 1395 1374 1420 nos
1402 1384 1477 1433 ipsi
1502 1383 1826 1433 recondimus,
1853 1388 1987 1422 manat
2012 1384 2080 1422 illa
2105 1385 2225 1422 animi
2250 1385 2425 1423 intentio.

148 1490 153 1493 p
187 1444 289 1496 Quid
307 1445 444 1498 plura?
472 1445 723 1487 Scribendum
741 1449 818 1486 est:
846 1444 1120 1485 reconditos
1133 1444 1181 1498 1).
1220 1444 1271 1484 Et
1288 1444 1421 1484 videor
1448 1444 1542 1485 mihi
1571 1445 1765 1497 dispicere,
1794 1446 1983 1498 quomodo
2011 1447 2180 1498 genuina
2206 1445 2322 1486 huius
2349 1446 2425 1487 loci

184 1518 306 1559 lectio⁴
327 1532 353 1558 a
378 1518 682 1559 describentibus
700 1523 878 1571 corrupta
896 1519 958 1557 sit.
996 1517 1089 1557 Fuit
1106 1516 1197 1557 olim
1211 1505 1369 1558 rec⁸⁰ito
1380 1530 1399 1557 s
1410 1518 1450 1572 2)
1477 1519 1669 1570 scriptum,
1696 1519 1798 1558 unde
1817 1532 1934 1572 quam
1949 1518 2110 1571 proclivi
2129 1531 2254 1558 errore
2270 1523 2428 1559 rectos

179 1581 273 1622 'fieri
297 1582 477 1632 potuerit,
504 1583 546 1620 in
574 1580 705 1621 oculos
731 1582 902 1620 incurrit.

312 1641 387 1684 Sed
412 1641 502 1683 finis
529 1643 582 1684 sit
607 1656 695 1683 cum
713 1641 940 1693 Quintiliani
966 1640 1114 1682 verbis:
1143 1641 1267 1682 Etiam
1298 1655 1384 1683 cum
1405 1641 1587 1683 iudicium
1613 1655 1742 1684 meum
1760 1642 1973 1694 ostendero,
2001 1655 2114 1683 suum
2139 1646 2271 1683 tamen
2295 1641 2427 1695 legen-

184 1705 292 1746 tibus
319 1705 545 1758 relinquam.
587 1706 717 1757 Neque
742 1705 845 1744 enim
871 1717 942 1756 ego
968 1705 1004 1742 is
1030 1717 1128 1754 sum,
1155 1718 1266 1755 quem
1288 1706 1420 1744 omnia
1444 1718 1532 1744 mea
1557 1705 1746 1745 delectent
1770 1719 1895 1758 neque
1920 1705 1993 1745 hoc
2018 1706 2187 1757 profiteri
2213 1705 2336 1745 audeo
2362 1718 2424 1745 me

177 1781 304 1809 unam
330 1773 449 1820 atque
474 1768 635 1809 alteram
662 1768 915 1820 corruptelam
941 1768 997 1807 sic
1023 1766 1267 1818 emendasse,
1305 1772 1351 1807 ut
1378 1768 1424 1807 de
1458 1768 1736 1808 emendationis
1768 1769 1932 1809 veritate
1960 1768 2127 1808 dubitari
2157 1782 2236 1808 non
2266 1772 2419 1820 posset:

185 1830 362 1883 equidem
383 1832 479 1871 satis
497 1830 659 1881 habebo,
682 1831 716 1870 si
730 1830 926 1870 iudicabor
943 1830 985 1868 in
1002 1827 1173 1868 nonullis
1194 1830 1226 1868 si
1247 1830 1375 1869 minus
1397 1831 1522 1881 ipsam
1542 1832 1745 1870 veritatem
1768 1835 1970 1871 assecutus
1988 1843 2086 1881 esse,
2112 1832 2268 1882 propius
2291 1836 2421 1871 tamen

185 1904 303 1944 quam
329 1894 545 1945 superiores
573 1893 623 1933 ad
649 1905 735 1932 eam
763 1893 982 1932 accessisse.

308 1955 385 1996 Sed
405 1956 614 2007 peritorum
630 1959 713 1994 esto
729 1954 924 1994 iudicium.
959 1953 1067 1994 Alios
1086 1952 1142 1992 nil
1155 1966 1292 1993 moror.
1334 1953 1474 2003 Quidni
1487 1953 1587 1994 hanc
1601 1967 1728 1995 meam
1742 1954 2047 2008 qualemcunque
2062 1955 2423 1995 commentationem

183 2018 225 2057 in
251 2021 407 2057 vastam
431 2016 600 2057 sutilium
624 2015 842 2056 libellorum
868 2017 1085 2068 congeriem
1113 2015 1305 2056 deiciant?

313 2172 343 2212 ¹)
366 2172 449 2205 Cum
470 2171 652 2214 Lessingio
673 2171 927 2205 reconditos
950 2171 1048 2205 reddi
1070 2171 1197 2214 poterit
1216 2169 1399 2205 vernacule
1421 2175 1680 2216 ,einqesponnent

311 2236 343 2275 ²)
366 2234 427 2268 cfr.
448 2234 750 2270 Wattenbachium
770 2244 803 2277 p.
824 2235 866 2269 25
887 2237 923 2268 et
943 2236 993 2269 32.

1885 2315 2037 2374 Ferd.
2075 2314 2294 2373 Becher.
