2617 3295
1320 103 1406 151 la.

136 266 166 296 χ,
213 242 376 293 W·
400 239 596 293 quandam
626 239 812 282 orationis
844 239 1138 292 ambiguitatem
1170 240 1298 280 minus
1324 238 1519 291 probatur,
1554 242 1623 279 aut
1653 237 1703 279 ab
1728 238 1997 280 emendatione
2033 235 2220 282 auxilium
2251 221 2462 295 petendum

88 307 98 355 ζ
129 297 141 325 ·’
215 305 278 343 est
300 301 408 355 quod
432 314 511 342 non
535 314 694 354 prorsus
720 301 925 343 infeliciter
938 303 1075 342 fecisse
1100 301 1215 342 nobis
1232 301 1408 342 videmur
1426 301 1647 341 scribendo:
1674 300 1847 353 grandi
1872 303 2077 343 oratori.
2123 303 2190 344 cfr.
2217 304 2323 356 2,16
2350 304 2463 354 ,fiunt

214 374 589 428 pregrandibus
614 373 779 414 tumidi‘.
829 374 1016 414 Nimirum
1043 376 1230 414 oratori
1256 374 1479 427 compendio
1506 375 1690 426 scriptum
1717 378 1800 414 erat
1823 387 1902 415 non
1929 387 2038 415 secus
2065 388 2111 415 ac
2143 372 2348 428 ratio-r'b
2374 377 2460 419 fieri

215 436 431 489 eonstat'),
465 436 613 476 librarii
640 440 774 476 autem
798 437 914 476 huius
940 450 1034 476 usus
1060 437 1186 489 ignari
1213 437 1427 489 compendii
1460 442 1593 476 notam
1628 437 1858 487 omiserunt,
1892 437 1995 477 unde
2027 443 2143 477 enata
2177 443 2239 478 est
2271 442 2462 493 scriptura

214 498 439 553 depravata,
466 511 586 551 quam
613 511 747 539 omnes
775 499 921 539 codices
947 499 1121 538 offerunt.
1173 498 1312 539 Restat
1343 503 1388 538 ut
1421 511 1543 550 pauca
1574 498 1753 538 addenda
1785 499 1993 540 videantur
2025 500 2073 539 de
2108 500 2164 539 eis
2199 514 2299 551 quae
2326 504 2461 543 statim

214 562 492 602 subsecuntur:
524 560 660 611 ,dulcis
685 562 725 599 in
750 561 883 611 primis
910 565 950 599 et
975 565 1112 599 acutus
1130 560 1356 611 Hyperides,
1384 561 1452 600 sed
1478 560 1689 599 minoribus
1716 561 1856 609 causis,
1882 565 1938 599 ut
1962 573 2055 599 non
2082 561 2291 601 dixerim
2316 564 2459 615 utilior,

214 623 342 675 magis
367 623 463 674 par‘.
506 622 572 662 cfr.
600 623 637 673 2,
667 623 716 662 15
743 626 800 672 ,ιιι
824 623 881 661 ita
907 622 1093 661 dixerim‘.
1148 622 1232 662 Non
1260 622 1451 662 debebant
1482 622 1555 661 hoc
1579 634 1736 673 prorsus
1762 622 1950 661 intactum
1976 622 2192 673 relinquere
2218 624 2458 677 interpretes,

214 686 356 737 quippe
383 684 487 736 quod
521 697 546 724 a
570 684 816 736 probatorum
851 685 1079 736 scriptorum
1110 697 1185 724 usu
1218 684 1406 724 scribendi
1438 697 1595 736 prorsus
1627 682 1793 724 recedat.
1833 684 1899 724 cfr.
1926 684 2107 736 Draegeri
2134 683 2284 735 syntax
2321 700 2359 727 u.
2387 687 2461 728 Stil

214 746 284 788 des
310 747 471 788 Tacitus
495 760 533 799 p.
562 747 627 786 12:
669 749 779 797 ,Eine
804 751 1015 796 Neueruny
1045 750 1097 786 ist
1132 750 1195 798 dile
1228 751 1329 786 auch
1364 750 1424 786 bei
1456 750 1630 795 δρᾶτον-η
1662 752 1785 787 senen
1816 749 2034 795 gettiebene
2063 750 2357 798 trebertrayunq
2392 754 2460 789 des

215 813 476 851 amtischen
500 812 729 849 Potentiam
755 812 924 857 perfecti
952 813 1029 857 auf
1049 814 1090 849 N
1095 814 1144 848 eb
1156 812 1385 851 ematze‘.

342 883 378 933 1,
405 883 455 924 83
490 881 600 933 ,Nam
626 882 667 921 in
695 881 963 934 Theophrasto
990 887 1071 923 tam
1099 887 1160 922 est
1184 883 1366 935 loquendi
1392 884 1493 923 nitor
1518 882 1583 922 ille
1610 881 1777 933 divinus,
1813 886 1858 922 ut
1886 895 1934 922 ex
1966 896 2010 922 eo
2037 896 2178 923 nomen
2205 897 2354 936 quoque
2379 888 2459 925 tra-

213 947 319 986 xisse
344 945 517 983 dicatur‘.
555 944 730 984 Concedo
749 944 972 996 Spaldingio
1001 944 1199 996 aliquanto
1228 945 1378 984 facilius
1405 945 1573 984 futurum
1601 957 1699 993 esse,
1727 945 1761 983 si
1785 957 1853 995 pro
1880 949 1980 983 tam
2005 949 2082 983 est
2105 945 2332 985 scriberetur
2357 951 2461 986 tan-

213 1012 296 1047 tus
324 1010 407 1046 est.
459 1005 589 1046 Nihilo
618 1012 747 1046 autem
772 1008 901 1046 minus
927 1008 968 1046 in
994 1007 1140 1046 tradita
1164 1006 1328 1046 lectione
1355 1007 1546 1059 asquiesci
1582 1019 1696 1058 posse
1723 1006 1897 1056 arbitror,
1932 1006 2137 1046 dummodo
2173 1012 2275 1047 recte
2310 1008 2463 1059 singula

214 1070 406 1110 enuntiati
430 1068 606 1108 membra
631 1069 731 1108 inter
757 1082 799 1108 se
826 1068 1061 1121 copulentur.
1120 1068 1210 1108 Mea
1236 1070 1430 1108 sententia
1454 1073 1549 1108 tam
1577 1068 1627 1107 ad
1652 1068 1886 1107 adiectivum
1913 1067 2107 1109 divinus
2133 1069 2362 1109 trahendum
2389 1074 2460 1120 est,

213 1137 259 1173 ut
291 1131 414 1172 verba
448 1135 545 1170 tam
572 1130 779 1171 divinus
814 1137 891 1171 est
917 1145 985 1183 pro
1011 1131 1231 1183 praedicato
1264 1135 1391 1181 stent,
1425 1130 1659 1183 loquendi
1692 1131 1823 1170 nitor
1854 1130 1943 1169 ille
1976 1136 2106 1171 autem
2141 1133 2265 1172 instar
2299 1133 2461 1172 subiecti

213 1189 409 1233 artissime
434 1194 534 1232 inter
561 1205 604 1231 se
631 1192 879 1243 cohaereant,
916 1192 1018 1232 unde
1045 1193 1175 1233 evadit
1203 1192 1402 1232 collocatio
1429 1192 1632 1233 verborum
1658 1193 1846 1231 inusitata
1878 1192 2030 1244 quidem
2059 1206 2182 1246 neque
2206 1199 2334 1234 tamen
2361 1207 2461 1234 nun-

213 1268 331 1307 quam
358 1268 384 1294 a
408 1254 644 1303 Quintiliano
673 1255 856 1295 admissa.
899 1256 963 1295 cfr.
992 1269 1025 1295 e.
1054 1268 1090 1306 g.
1119 1256 1154 1305 1,
1183 1256 1275 1294 122:
1316 1255 1526 1305 ,habebunt
1559 1267 1740 1306 magnam
1776 1268 1842 1294 eos
1870 1256 1936 1307 qui
1962 1268 2064 1295 nunc
2098 1257 2234 1307 vigent
2258 1258 2462 1296 materiam

214 1330 308 1358 vere
333 1316 545 1356 laudandi‘.
584 1316 749 1357 Omnino
778 1322 909 1358 autem
936 1318 1146 1357 tenendum
1173 1322 1233 1357 est
1258 1341 1309 1347 —
1336 1317 1377 1356 id
1401 1318 1500 1369 quod
1534 1318 1612 1356 iam
1638 1316 1860 1357 Bonnellius
1897 1322 1999 1356 recte
2031 1318 2305 1358 animadvertit
2330 1318 2462 1359 Prole·

213 1391 381 1433 gomena
405 1392 443 1431 p.
471 1379 683 1431 LXXVIII,
711 1380 930 1432 perplexam
959 1385 999 1421 et
1026 1382 1250 1421 arcessitam
1276 1380 1481 1421 verborum
1508 1379 1661 1419 turbam
1687 1380 1813 1431 magis
1832 1392 1947 1431 quam
1966 1379 2138 1419 ordinem
2156 1382 2298 1420 aetatis
2324 1393 2462 1433 argen-

212 1446 300 1482 teae
327 1442 580 1493 scriptoribus
606 1443 647 1481 in
674 1442 820 1482 deliciis
847 1443 979 1493 fuisse,
1007 1456 1105 1495 quae
1131 1443 1370 1483 intellectum
1396 1442 1606 1494 legentium
1632 1454 1712 1480 non
1737 1445 1818 1480 tam
1844 1441 2005 1481 adiuvet
2030 1456 2146 1494 quam
2172 1442 2366 1495 impediat.

263 1524 267 1527 ’
339 1516 374 1566 1,
403 1516 454 1556 89
490 1514 586 1555 Cum
612 1515 731 1567 vulgo
759 1515 1005 1556 scriberetur:
1034 1515 1245 1566 ‚Cornelius
1272 1520 1403 1556 autem
1431 1516 1595 1556 Severus
1622 1515 1825 1554 etiamsi
1851 1515 2181 1554 versificator
2203 1529 2318 1567 quam
2344 1519 2462 1567 poeta

210 1577 360 1627 melior,
388 1579 423 1617 si
449 1581 585 1617 tamen
611 1578 661 1617 ad
689 1577 886 1630 exemplar
911 1579 1024 1630 primi
1049 1578 1136 1617 libri
1165 1578 1309 1618 bellum
1337 1578 1507 1618 Siculum
1533 1577 1827 1629 pei-scripsisset,
1861 1577 2073 1616 vindicaret
2110 1577 2183 1616 sibi
2216 1578 2299 1616 iure
2326 1590 2461 1617 secun·

211 1640 306 1690 dum
331 1639 485 1690 locum‘,
513 1639 760 1691 Spaldingius
778 1641 925 1692 primus
952 1654 1021 1692 pro
1049 1654 1093 1680 eo
1121 1641 1224 1692 quod
1243 1642 1362 1680 estin
1382 1640 1573 1680 codicibus
1591 1662 1642 1669 —
1669 1639 1733 1678 sit
1751 1638 1784 1678 G
1808 1639 1871 1678 vel
1889 1639 1982 1678 siM
2000 1662 2051 1668 —-
2076 1640 2245 1691 reposuit
2271 1640 2464 1679 etiamsi

211 1703 290 1742 sit
325 1701 612 1754 probaruntque
645 1701 719 1742 hoc
752 1702 916 1754 posthac
952 1715 1084 1742 omnes
1120 1703 1298 1743 editores.
1365 1703 1462 1742 Nam
1502 1701 1602 1754 quod
1635 1701 1859 1742 Bonnellius
1901 1706 1941 1741 et
1972 1701 2191 1754 Kruegerus
2232 1714 2462 1753 quamquam

212 1763 427 1805 etiamsi
454 1765 521 1804 sit
553 1765 595 1803 in
621 1764 793 1804 ordinem
819 1765 1023 1804 verborum
1050 1770 1284 1817 receperunt,
1319 1766 1360 1804 in
1387 1764 1633 1804 adnotatione
1659 1769 1789 1804 tamen
1825 1763 1873 1803 de
1899 1763 2135 1804 adverbio
2164 1764 2362 1804 etiamsi
2398 1776 2462 1804 co-

211 1824 387 1881 gitarunt
413 1850 465 1856 —
490 1832 583 1867 sunt
609 1831 741 1867 autem
767 1840 899 1868 eorum
926 1827 1046 1867 verba
1072 1826 1186 1867 haec:
1213 1827 1391 1867 Bonnelli
1417 1828 1639 1877 ,etiamsi
1664 1830 1797 1875 hdufiy
1817 1829 1876 1865 bei
1905 1829 2122 1875 Quintilian
2148 1830 2191 1866 in
2209 1830 2462 1866 adverbialer

209 1892 443 1938 Bedent'uny
470 1894 569 1928 ohne
599 1893 767 1929 Verbum
792 1892 962 1939 finitum‘
989 1894 1028 1928 et
1053 1890 1258 1942 Kruegeri:
1287 1891 1455 1937 ‚etiam
1466 1891 1506 1929 si
1538 1892 1583 1928 in
1610 1892 1864 1929 adverbiaeer
1899 1893 2127 1937 Bedeutuny
2158 1894 2256 1929 ohne
2295 1892 2462 1928 Verbum

210 1955 366 2002 finitum
394 1954 454 1992 bei
481 1954 700 2001 Quintilian
726 1955 835 1992 nicht
860 1953 1186 2000 unyewohnlich‘:
1218 1951 1291 1992 hoc
1325 1951 1432 1993 nullo
1459 1952 1610 2002 iudicio,
1645 1951 1714 1991 sed
1740 1965 1844 1991 mero
1872 1964 1997 1991 errore
2029 1963 2075 1990 ac
2107 1952 2271 2003 pei-miro
2307 1951 2461 2003 quidem

209 2015 356 2055 factum
384 2026 471 2053 esse
496 2014 673 2064 arbitror,
701 2016 736 2053 si
763 2014 918 2066 quidem
944 2016 1138 2053 neminem
1167 2014 1213 2054 de
1241 2015 1518 2053 coniunctionis
1545 2015 1710 2053 veritate
1737 2013 1914 2052 dubitare
1940 2025 2055 2064 posse
2083 2013 2243 2052 confido.
2262 2036 2314 2042 —
2339 2013 2460 2053 Porro

210 2076 475 2129 ‚versificator‘
501 2076 620 2116 verbo
647 2090 800 2129 perraro
826 2076 995 2117 Romani
1021 2078 1083 2117 usi
1109 2090 1194 2117 esse
1220 2077 1412 2126 videntur,
1439 2089 1529 2116 nam
1555 2076 1616 2116 bis
1643 2080 1795 2116 tantum
1822 2074 1924 2128 quod
1951 2076 2068 2114 sciam
2095 2075 2251 2128 legitur:
2278 2075 2351 2116 hoc
2375 2076 2460 2116 loco

210 2144 251 2179 et
283 2139 380 2179 Iust.
406 2138 459 2178 VI
486 2140 523 2179 9.
585 2138 670 2179 Hoc
702 2143 831 2178 autem
865 2139 949 2179 loco
984 2141 1096 2191 quasi
1131 2139 1299 2191 quadam
1332 2139 1560 2178 necessitate
1588 2140 1762 2190 genitum
1790 2150 1887 2188 esse,
1921 2141 1966 2176 ut
1993 2137 2131 2176 clarius
2162 2137 2458 2189 intellegeretur,

209 2205 400 2254 quantum
428 2200 662 2240 discriminis
687 2202 788 2240 inter
812 2201 1114 2241 versificatorem
1142 2206 1180 2241 et
1206 2215 1342 2241 verum
1368 2205 1522 2252 poetam
1555 2202 1770 2250 interesset,
1805 2199 1910 2239 haud
1946 2198 2102 2238 difficile
2130 2203 2190 2239 est
2223 2199 2274 2239 ad
2308 2198 2459 2239 intelle-

210 2263 391 2317 gendum.

336 2336 371 2385 1,
399 2337 447 2377 91
484 2336 604 2375 fertur
629 2336 774 2376 Fabius
807 2349 936 2376 amore
963 2337 1178 2377 Germanici
1212 2337 1390 2389 Augusti.
1445 2336 1561 2386 ,Quis‚
1589 2337 1724 2387 inquit,
1761 2338 1914 2375 caneret
1945 2332 2049 2372 bella
2082 2333 2220 2373 melius
2248 2346 2364 2385 quam
2392 2335 2459 2384 qui

209 2399 266 2439 sic
284 2399 405 2451 gerit?
432 2411 546 2451 quem
563 2398 827 2450 praesidentes
846 2399 985 2439 studiis
1011 2399 1105 2439 deae
1132 2400 1331 2451 propius
1352 2398 1562 2438 audirent‘?
1599 2398 1807 2450 Propius
1826 2397 1977 2437 codices
1996 2395 2170 2446 offerunt,
2191 2397 2458 2448 promptius

207 2460 389 2501 Halmius
414 2461 615 2513 proposuit
641 2461 895 2512 scribendum,
922 2462 1122 2512 pronius
1148 2460 1393 2501 Woelfflinus
1419 2461 1657 2513 periclitatus
1684 2464 1756 2500 est.
1816 2459 2011 2511 Reisigius
2043 2473 2080 2512 p.
2110 2461 2184 2500 172
2222 2460 2291 2499 vix
2318 2472 2360 2498 se
2387 2458 2457 2498 du-

207 2523 334 2564 bitare
359 2523 569 2575 profitetur,
597 2524 690 2575 quin
718 2523 979 2572 Quintilianus
1006 2525 1199 2576 scripserit
1224 2524 1499 2576 propitius,
1527 2524 1589 2563 cui
1615 2523 1761 2563 formae
1789 2523 2039 2574 comparativi
2064 2536 2223 2563 sensum
2249 2522 2458 2573 adiungere

208 2585 341 2626 studet
366 2585 497 2625 allatis
513 2585 586 2625 VII
607 2587 641 2636 1,
663 2586 712 2625 12
739 2590 841 2636 ,ante
868 2590 977 2626 actae
1003 2587 1109 2625 vitae
1136 2587 1297 2626 crimina
1315 2584 1536 2638 plerumque
1554 2586 1679 2637 prima
1695 2585 1897 2637 purganda
1917 2589 2018 2635 sunt,
2047 2592 2093 2624 ut
2117 2585 2156 2624 id
2177 2585 2224 2624 de
2251 2597 2325 2637 quo
2352 2583 2456 2623 latu-

208 2661 275 2689 rus
303 2653 364 2688 est
390 2649 621 2688 sententiam
648 2648 775 2698 index,
803 2648 935 2688 audire
962 2649 1203 2699 propitius
1229 2649 1399 2699 incipiat‘
1427 2652 1466 2687 et
1490 2648 1544 2687 IV
1568 2649 1606 2698 2,
1626 2648 1677 2687 27
1706 2660 1818 2698 ,quae
1846 2660 1896 2686 sc.
1923 2646 2074 2699 flagitia
2099 2651 2190 2686 ante
2216 2652 2326 2687 actae
2352 2647 2458 2685 vitae

208 2711 316 2763 prius
342 2709 560 2750 amovenda
586 2715 689 2761 sunt,
723 2714 769 2750 ut
794 2711 1054 2763 propitius
1081 2710 1197 2750 index
1224 2710 1487 2750 defensionem
1514 2712 1637 2763 ipsius
1661 2710 1808 2762 negotii
1835 2708 1993 2750 audiat‘.
2056 2708 2202 2757 Quodsi
2237 2709 2303 2762 qui
2332 2711 2456 2756 erunt,

208 2774 275 2825 qui
301 2774 418 2812 etiam
444 2771 506 2813 his
533 2772 628 2812 locis
655 2774 948 2825 ,propitius‘
980 2774 1139 2824 positivi
1165 2773 1489 2826 significationem
1515 2773 1626 2813 facile
1652 2773 1733 2825 pati
1761 2771 1901 2822 dicant,
1937 2783 2003 2810 eos
2031 2771 2095 2823 qui
2122 2770 2286 2812 refutem
2313 2769 2455 2818 nescio,

233 2904 239 2907 ⁴
334 2918 367 2961 ³⁸)
389 2917 449 2953 cfr.
472 2917 528 2954 W.
548 2917 791 2956 Wattenbachi
812 2918 1004 2964 Anleitung
1025 2928 1088 2955 zur
1108 2918 1381 2964 Palaeographie
1403 2927 1436 2964 p.
1458 2919 1509 2955 31.

2584 3260 2593 3281 ι.»
