2617 3295
126 1246 131 1251 ι
191 1193 279 1243 quid
308 1195 350 1232 iu
374 1194 499 1233 lucem
524 1194 780 1245 proferamus,
817 1195 956 1245 quibus
982 1196 1262 1247 pertractandIs
1288 1200 1474 1249 quantum
1499 1208 1566 1248 per
1592 1197 1761 1235 muneris
1786 1196 1944 1248 negotia
1968 1194 2119 1245 licebat,
2153 1193 2354 1250 ingenium
2378 1203 2426 1233 ac

1079 51 1082 55 '
1070 0 1118 42 δέ

2447 39 2468 58 ,ζ’
2482 49 2491 62 ι,
2505 47 2535 65 '.*-⁴

548 694 1014 784 Quaestiones
1051 769 1055 771 .
1066 696 1592 804 grammaticae
1646 699 1719 779 et
1768 697 2067 780 criticae·

727 842 816 907 ad
858 842 1240 925 Quintiliani
1279 842 1516 908 librum
1559 843 1895 909 decimum.

315 989 404 1048 Non
429 1007 662 1048 mirabimini
686 1009 1007 1062 spero‚.collegae
1035 1014 1074 1050 et
1092 1009 1365 1051 adolescentuli
1383 1011 1582 1061 carissimi,
1610 1010 1698 1063 quid
1728 1012 1780 1055 sit
1805 1009 1909 1062 quod
1924 1008 1998 1050 hac
2015 1007 2204 1050 scribendi
2221 1008 2424 1049 occasione

187 1070 323 1109 oblata
348 1071 575 1118 Quintiliani
607 1071 747 1109 librum
781 1072 970 1110 decimum
1003 1072 1098 1110 mihi
1133 1073 1378 1123 potissimum
1404 1074 1650 1123 sumpserim,
1683 1072 1734 1110 ad
1770 1085 1883 1124 quem
1914 1070 2091 1110 nonnihil
2123 1070 2333 1109 conferrem
2356 1069 2424 1109 vel

188 1131 474 1185 interpretando
501 1131 567 1172 vel
592 1132 842 1174 emendando.
896 1134 995 1174 Nam
1020 1147 1088 1186 per
1114 1133 1252 1174 talium
1278 1135 1525 1186 scriptionum
1552 1136 1856 1185 opportunitates
1877 1133 1961 1173 fieri
1987 1132 2099 1183 solet,
2123 1136 2170 1172 ut
2193 1144 2326 1171 eorum
2350 1127 2424 1171 ali·

189 1254 292 1294 vires
328 1256 611 1296 exercebamus.
666 1257 763 1296 Tum
791 1257 1018 1305 Quintiliani
1052 1258 1148 1297 liber
1179 1259 1348 1297 decimus
1374 1271 1422 1297 ex
1449 1270 1494 1296 eo
1529 1270 1686 1296 numero
1721 1262 1800 1307 est,
1838 1259 1905 1309 qui
1937 1256 2029 1296 licet
2059 1269 2137 1295 non
2168 1256 2210 1294 in
2244 1254 2425 1295 omnibus

186 1315 333 1357 scholis
358 1317 399 1356 in
426 1317 596 1358 ordinem
620 1316 802 1358 librorum
832 1318 1028 1373 discipulis
1054 1319 1304 1373 legendorum
1334 1320 1476 1372 recepti
1502 1323 1542 1360 et
1569 1320 1679 1372 quasi
1706 1319 1850 1360 redacti
1876 1320 1967 1371 sint,
1994 1320 2036 1359 in
2067 1316 2264 1359 nonnullis
2289 1320 2423 1357 tamen
2483 1324 2485 1327 ’
2541 1313 2543 1315 ’
2563 1323 2566 1327 ’

187 1380 357 1419 maximo
385 1392 473 1419 cum
498 1380 710 1431 legentium
736 1381 861 1421 fructu
887 1387 1099 1422 tractantur
1124 1387 1239 1434 atque
1265 1386 1502 1421 enarrantur.
2413 1398 2414 1401 ¹

313 1442 445 1494 Neque
461 1441 534 1482 hoc
551 1444 702 1483 mirum.
738 1443 887 1484 Paucos
905 1447 1007 1484 enim
1032 1446 1096 1485 vel
1113 1447 1241 1496 potius
1266 1446 1334 1483 vix
1359 1445 1480 1484 ullum
1498 1457 1546 1483 ex
1563 1446 1620 1484 eis
1637 1445 1703 1495 qui
1720 1448 1954 1483 vetustatem
1973 1443 2220 1495 pertulerunt,
2247 1442 2424 1482 existimo

188 1516 303 1555 posse
337 1505 492 1555 reperiri
527 1503 685 1554 librum,
720 1506 761 1544 in
796 1519 893 1557 quo,
927 1511 973 1546 ut
1008 1506 1086 1546 alia
1119 1507 1313 1556 omittam,
1344 1505 1557 1545 litterarum
1590 1510 1630 1545 et
1659 1504 1890 1545 Graecarum
1924 1509 1964 1544 et
1986 1504 2216 1544 Latinarum
2241 1525 2294 1532 -—
2326 1515 2425 1554 qua-

187 1579 273 1605 rum
308 1564 462 1616 quidem
493 1567 535 1604 in
567 1566 694 1605 studio
725 1580 797 1606 nos
830 1581 1027 1607 versemur
1052 1590 1104 1596 —
1134 1569 1343 1619 imaginem
1373 1572 1456 1606 tam
1491 1567 1679 1607 suavibus
1712 1566 1903 1606 coloribus
1929 1567 2119 1618 depictam
2144 1570 2302 1617 tamque
2327 1575 2425 1605 sano

187 1627 327 1667 iudicio
354 1626 587 1666 illustratam
613 1627 759 1667 habeas
787 1642 901 1680 quam
927 1630 967 1668 in
992 1628 1076 1669 hoc.
1124 1629 1177 1669 Et
1202 1630 1236 1668 si
1261 1641 1396 1677 verum
1420 1633 1482 1668 est
1507 1629 1609 1680 quod
1634 1629 1779 1678 dicunt,
1806 1628 1994 1667 ambitum
2019 1626 2156 1666 saltem
2182 1630 2300 1678 atque
2326 1626 2425 1665 imm·

185 1690 317 1740 ginem
350 1688 487 1728 harum
513 1688 730 1728 litterarum
762 1691 818 1729 eis
846 1690 1042 1742 discipulis
1069 1689 1334 1729 delineandam
1368 1702 1454 1730 esse
1480 1691 1547 1742 qui
1576 1691 1698 1743 primo
1735 1689 1860 1729 ordini
1891 1689 2076 1741 adscripti
2101 1692 2210 1740 sunt,
2243 1687 2285 1728 id
2310 1686 2425 1728 facile
2573 1729 2575 1732 ,

186 1750 304 1791 huius
330 1750 419 1790 libri
443 1749 607 1790 lectione
633 1752 888 1804 adsequemur
914 1758 1029 1804 atque
1055 1753 1096 1792 id
1122 1767 1166 1793 eo
1193 1754 1355 1804 facilius,
1381 1754 1474 1804 quia
1498 1752 1610 1792 multi
1635 1753 1710 1791 viri
1735 1752 1838 1791 docti
1862 1753 1905 1791 in
1929 1751 2004 1791 hoc
2023 1751 2088 1791 vel
2105 1750 2338 1790 recensendo
2357 1746 2427 1790 vel
2489 1749 2563 1798 2}

188 1812 425 1852 emendando
458 1814 653 1864 egregiam
686 1826 842 1866 operam
874 1818 1100 1866 posuerunt,
1134 1827 1213 1855 non
1238 1814 1351 1868 pauci
1386 1814 1503 1854 etiam
1528 1814 1656 1866 ipsum
1688 1812 1790 1854 hunc
1821 1813 1961 1853 librum
1992 1814 2034 1854 in
2065 1825 2179 1853 usum
2205 1807 2425 1853 scholarum

187 1874 400 1920 ediderunt,
427 1888 501 1926 quo
527 1874 642 1914 lectio
669 1889 868 1929 rerumque
893 1877 1110 1916 intellectus
1136 1877 1349 1929 expeditior
1373 1876 1484 1918 fieret
1509 1876 1693 1916 studiosis
1720 1875 2041 1916 adulescentibus.
2272 1922 2275 1923 ⁷
2520 1871 2529 1878 ‘

314 1937 457 1977 Omnes
482 1936 556 1976 hoc
581 1937 665 1977 loco
690 1937 850 1978 laudare
875 1940 941 1991 qui
966 1938 1156 1991 peculiare
1182 1937 1327 1990 aliquid
1352 1937 1403 1977 ad
1427 1938 1804 1989 praestantissimum
1829 1936 2019 1977 rhetorem
2044 1934 2315 1995 illustrandum
2330 1948 2437 1985 muz
2475 1955 2539 2003 ’,μ’

187 1997 370 2048 tulerunt,
395 2010 467 2036 nec
491 1998 685 2037 voluimus
711 2013 782 2038 nec
806 2001 1002 2052 potuimus
1029 2022 1080 2027 —
1107 2000 1181 2040 hoc
1206 2005 1246 2039 et
1271 2000 1320 2040 ab
1346 2000 1433 2040 aliis
1459 2001 1538 2039 iam
1562 1999 1708 2039 factum
1740 2004 1780 2039 et
1803 2000 1878 2039 toti
1906 1998 2024 2039 huius
2049 1998 2204 2050 quidem
2224 1998 2447 2044 mmmm-
2469 1995 2543 2057 ‘'{L‘

186 2061 348 2101 tationis
373 2060 533 2100 consilio
561 2060 749 2100 absonum
776 2058 855 2108 est3
891 2063 957 2113 qui
980 2067 1109 2102 tamen
1136 2063 1295 2101 nomina
1320 2076 1594 2114 numerumque
1621 2062 1818 2100 doctorum
1844 2063 2015 2101 virorum
2041 2061 2217 2113 requiret,
2249 2049 2531 2102 ἰιιῑνθιιιᾰ”ὅ”·ν.ἷἓν

185 2122 423 2176 superiorum
442 2136 475 2162 e.
497 2136 535 2176 g.
554 2123 657 2176 apud
676 2123 952 2165 Gernhardium
976 2125 1109 2176 (praef.
1130 2138 1166 2176 p.
1180 2125 1396 2174 XII—XV)
1415 2124 1480 2165 vel
1499 2124 1601 2175 apud
1618 2124 1835 2164 Bonellium
1855 2124 1947 2174 (lex.
1967 2122 2085 2174 praef.
2104 2135 2142 2172 p.
2154 2113 2429 2181 XIII-1155,

185 2186 440 2224 recentiorum
476 2184 610 2224 titulos
645 2185 748 2236 apud
772 2185 882 2225 Ferd.
909 2186 1131 2225 Meisterum
1158 2184 1298 2225 Philol.
1323 2185 1489 2226 XXXIV
1521 2200 1558 2239 p.
1587 2184 1663 2225 740
1689 2199 1745 2239 sq.
1785 2185 1931 2227 XXXV
1964 2199 2001 2239 p.
2027 2183 2105 2226 534
2137 2195 2195 2236 sq.
2220 2180 2287 2226 vel
2317 2173 2430 2238 affl

185 2247 256 2288 Iw.
282 2247 508 2287 Muellerum
534 2247 727 2299 (Bursian.
754 2250 807 2289 IV
833 2250 888 2299 6).
1047 2285 1053 2291 .
1723 2271 1730 2276 ·
2356 2249 2362 2256 ’
2396 2270 2399 2271 ’

311 2307 498 2359 Equidem
520 2309 616 2347 satis
634 2307 759 2348 habeo
779 2323 846 2349 eos
868 2324 1176 2362 commemorare,
1204 2324 1303 2362 quos
1320 2311 1361 2349 in
1377 2324 1493 2350 usum
1509 2324 1637 2351 meum
1656 2310 1824 2350 conferre
1850 2309 1945 2349 mihi
1963 2309 2134 2359 contigit,
2161 2319 2211 2348 ex
2227 2307 2383 2360 qm'b'ufl,

186 2372 309 2421 primo
335 2371 419 2412 loco
441 2370 708 2423 Spaldingium
735 2372 912 2422 attulero,
940 2386 965 2412 a
989 2373 1122 2424 peritis
1148 2386 1217 2425 pro
1245 2386 1289 2412 eo
1317 2376 1433 2424 atque
1452 2372 1517 2413 ille
1543 2377 1750 2412 mereretur
1766 2371 1902 2410 fecisse
1920 2369 2138 2410 iudicabor:
2165 2374 2279 2411 tant·
2294 2367 2426 2412 varie-

184 2436 266 2473 tate
291 2431 506 2471 litterarum
532 2437 647 2484 atque
673 2433 846 2472 doctrina
872 2434 934 2473 hic
959 2436 1021 2474 vir
1040 2436 1174 2475 doctus
1191 2436 1233 2474 in
1255 2435 1491 2484 Quintiliano
1519 2434 1753 2486 explicando,
1781 2437 1890 2472 tanta
1910 2432 2125 2484 sagacitate
2142 2428 2425 2485 atqueingmii

185 2493 370 2534 felicitate
390 2494 436 2534 in
461 2494 699 2535 emendando
725 2499 902 2535 versatus
929 2500 1000 2536 est.
1041 2496 1188 2536 Prodiit
1213 2501 1344 2536 autem
1370 2496 1568 2548 Spaldingi
1594 2496 1710 2535 editio
1730 2495 1834 2546 Lips.
1862 2494 2118 2535 1798-1816
2142 2498 2327 2547 quattuor
2347 2506 2422 2542 vo·

185 2555 334 2595 lumina
360 2556 580 2607 continens,
617 2558 793 2609 quintum
818 2558 1000 2597 volumen
1027 2570 1114 2597 cum
1142 2558 1388 2611 Spaldingius
1412 2563 1655 2610 praematuro
1682 2557 1761 2596 fato
1796 2556 1977 2608 abreptus
2011 2559 2134 2607 esset,
2169 2551 2312 2597 adiecit
2332 2552 2424 2611 Oq,

186 2616 356 2657 Timoth.
381 2616 583 2667 Zumptius
616 2631 653 2658 a.
683 2620 783 2659 1829
820 2624 859 2658 et
885 2621 1078 2670 congessit
1104 2621 1199 2659 satis
1233 2620 1401 2671 amplam
1426 2621 1483 2658 rei
1519 2620 1671 2660 criticae
1702 2618 1906 2658 materiam
1931 2618 1983 2658 ad
2009 2616 2186 2676 singulos
2207 2611 2423 2676 libus-Q

185 2678 399 2719 stitutionis
425 2680 614 2721 oratoriae
638 2681 913 2733 pertinentem,
947 2686 1098 2722 sextum
1132 2681 1296 2733 denique
1329 2681 1367 2722 h.
1396 2694 1429 2722 e.
1454 2681 1603 2722 lexicon
1627 2679 1930 2729 Quintilianeum
1958 2684 1998 2720 et
2022 2680 2169 2720 indices
2192 2676 2437 2734 Bona-my,

184 2740 353 2788 &1834
378 2742 539 2782 mavit.
579 2741 769 2783 Secuntur
795 2744 972 2797 deinceps
999 2744 1187 2785 editiones
1205 2744 1249 2784 G.
1269 2746 1312 2784 A.
1332 2743 1376 2784 B.
1397 2743 1526 2784 Wolffi
1552 2743 1675 2796 (Lips.
1696 2742 1973 2795 1826—1821)
1999 2746 2040 2782 et
2057 2739 2275 2783 Gemhnnii.
2289 2736 2427 2796 (1ss

183 2802 306 2856 1830)
332 2816 429 2855 quas
454 2808 585 2845 tamen
611 2805 709 2845 nihil
734 2808 811 2846 nisi
838 2809 1083 2857 repetitiones
1111 2806 1410 2858 Spaldingiauae
1435 2819 1521 2845 esse
1547 2805 1747 2856 aliquanto
1773 2805 1930 2845 brevius
1964 2805 2172 2844 institutu-
2194 2807 2241 2844 οὲ
2269 2803 2439 2862 W

184 2863 418 2907 modatiores
436 2865 487 2907 ad
505 2866 688 2909 iuvenum
708 2881 823 2910 usum
844 2869 919 2923 ipsi
939 2869 1104 2914 editores
1124 2868 1254 2923 palam
1277 2867 1512 2923 profitentur.
1552 2867 1682 2911 Etiam
1695 2866 2008 2922 Zumpti(1831)
2027 2870 2068 2908 et
2087 2864 2267 2960 Boqnelli
2285 2849 2435 2928 (iffi
2475 2857 2537 2894 “““”ἷ’ῗ
