2617 3295
1275 100 1344 151 23

128 253 133 256 '
188 234 314 286 solum
341 256 498 283 sensum
518 243 727 287 intueatur,
754 241 817 279 sin
834 238 882 278 de
896 232 1111 278 litterarum
1124 238 1407 288 permutatione
1432 237 1639 287 quaeritur,
1666 237 1759 288 quid
1777 237 1811 275 si
1836 237 1921 287 quis
1941 230 2093 275 mecum
2119 238 2270 275 statuat
2294 248 2319 274 a
2344 233 2434 275 rhe-

38 312 55 326 *
119 347 122 349 Α
187 311 270 349 tore
297 307 482 358 scriptum
508 316 611 344 esse:
646 304 694 354 ,si
726 306 857 343 tamen
884 304 954 342 aut
977 298 1213 340 valetudinis
1244 300 1285 339 vi
1319 303 1386 339 aut
1411 299 1706 350 intemperantia
1739 299 1845 350 aegri
1871 298 2041 338 aliove
2075 311 2171 350 quo
2198 311 2317 337 casu
2341 298 2435 338 hu·
2480 325 2483 326 ν

184 382 326 409 mano
353 380 445 406 non
472 366 759 417 contingit‘?
799 364 845 404 cf.
873 364 946 403 Ov.
973 360 1088 402 Pont.
1114 361 1173 401 111
1199 361 1236 411 2,
1264 362 1312 401 91
1349 360 1550 411 ,humanos
1578 372 1692 399 casus
1719 361 1871 411 aspice‘.
1930 360 2110 400 Admissa
2136 358 2210 400 hac
2236 359 2435 402 levissima

185 432 404 471 coniectura
430 429 509 467 iam
535 427 661 467 omnis
689 427 886 466 evanescit
912 424 1119 464 difficultas
1147 427 1187 461 et
1218 423 1463 474 contingendi
1489 423 1649 462 verbum
1676 436 1763 461 eam
1791 423 1929 473 accipit
1955 423 2289 473 significationem,
2317 437 2435 474 quam

186 491 415 544 saepissime
443 490 547 543 apud
573 487 854 538 Quintilianum
880 486 1008 527 habet.
1050 485 1096 526 cf.
1123 485 1144 525 I
1164 485 1199 525 1.
1221 485 1268 525 11
1306 486 1353 536 ‚si
1378 489 1509 525 tamen
1534 498 1611 525 non
1639 485 1837 536 continget
1863 483 1996 535 quales
2022 486 2188 524 maxime
2214 484 2334 525 velim
2360 500 2434 527 nu-

187 556 303 597 trices
330 554 483 593 habere‘
514 565 546 591 e.
575 564 631 602 sq.
669 549 704 589 V
729 550 767 590 2.
794 551 819 589 3
854 550 901 600 ,81
927 549 968 588 111
993 562 1071 588 11011
1098 548 1318 599 continget‘,
1353 546 1430 586 XII
1457 549 1493 588 9.
1521 548 1544 587 8
1580 548 1627 598 ,81
1654 547 1841 599 contigit‘,
1875 546 1908 585 V
1936 547 1971 585 7.
2002 548 2051 587 19
2085 548 2131 598 ,si
2157 560 2235 587 non
2262 550 2436 602 contigit‘

186 616 241 658 ali
292 629 353 656 110.

242 630 292 669 aq
312 679 349 718 X
378 679 413 717 1.
443 677 495 716 16
528 676 684 726 ,excitat
719 675 785 726 qui
811 673 903 713 dicit
934 674 1071 725 spiritu
1098 674 1195 724 ipso,
1230 684 1302 711 nec
1333 672 1501 723 imagine
1528 671 1677 711 ambitu
1712 669 1785 722 (sic
1811 670 1844 711 G
1871 669 2009 723 codex)
2045 683 2190 720 rerum,
2224 671 2292 711 sed
2319 672 2434 714 rebus

188 740 381 780 incendit‘.
445 739 492 777 In
516 737 590 776 hoc
616 737 701 775 loco
730 737 786 774 eis
812 735 1108 774 adsentiendum
1136 746 1221 772 esse
1248 747 1325 772 non
1350 737 1454 784 put0,
1483 734 1548 784 qui
1575 737 1730 771 auctore
1756 732 1910 771 Halmio
1944 734 2157 783 imagine
2191 734 2314 773 ordini
2346 748 2435 774 ver·

187 802 323 842 borum
349 802 613 846 inseruerunt,
647 798 835 837 ambitu
861 801 993 837 autem
1018 796 1168 836 uncinis
1196 795 1444 835 incluserunt.
1495 794 1591 834 Mihi
1617 795 1798 845 imaginis
1823 808 1900 833 vox
1926 794 1975 833 ab
2008 794 2281 845 interpolatore
2307 798 2435 836 neseio

188 876 263 915 quo
290 861 518 901 intercalata
543 860 697 899 videtur
725 872 821 909 esse,
849 859 915 910 qui
939 858 1131 907 disertius,
1159 857 1251 908 quid
1277 862 1378 896 esset
1396 856 1594 906 ambitu,
1623 855 1877 907 eloquendum
1896 857 2015 896 fuisse
2034 857 2266 908 opinaretur.
2306 859 2367 897 An
2393 863 2436 899 tu

187 924 425 977 probabilius
443 936 529 963 esse
556 935 688 963 censes
708 923 892 962 usitatam
910 921 1089 972 imaginis
1108 931 1243 959 vocem
1259 920 1443 959 inusitato
1462 918 1612 958 ambitu
1631 916 1863 968 explicatum
1882 922 1991 957 esse?
2023 918 2213 971 Equidem
2230 918 2325 959 illud
2343 934 2438 960 am-

188 986 298 1027 bitu
324 1000 467 1038 repono
495 998 582 1024 cum
609 998 764 1023 censore
790 982 1090 1035 Spaldingianae
1115 982 1294 1021 editionis
1317 982 1471 1021 lenensi
1496 983 1627 1033 itaque
1654 981 1795 1020 scribo:
1829 994 1913 1021 1100
1940 982 2120 1021 ambitu
2147 994 2318 1033 rerum,
2353 984 2439 1024 sed

188 1050 331 1090 rebus
349 1048 576 1089 incendit.
615 1047 838 1087 Ambitus
863 1049 992 1085 autem
1011 1044 1107 1084 nihil
1125 1044 1230 1084 aliud
1249 1049 1308 1084 est
1323 1046 1399 1084 nisi
1418 1043 1680 1084 ambitiosa
1705 1057 1858 1082 rerum
1884 1045 2141 1095 expositio,
2169 1045 2210 1083 id
2236 1046 2438 1097 quodiam

188 1112 332 1151 dudum
356 1108 606 1150 Frotscherus
634 1109 782 1148 idoneis
809 1107 993 1159 exemplis
1021 1107 1312 1146 demonstravit.
1353 1107 1418 1146 cfr.
1448 1107 1565 1145 etiam
1592 1105 1791 1144 Osannum
1818 1106 1858 1145 H
1883 1119 1918 1157 p.
1949 1107 2111 1146 10—11.

312 1173 350 1213 X
379 1174 413 1212 1.
430 1172 481 1212 48
510 1171 658 1211 codices
688 1183 820 1209 omnes
838 1169 998 1209 habent:
1027 1171 1120 1222 ,Age
1145 1181 1249 1219 vero,
1278 1181 1355 1207 non
1380 1170 1580 1219 utriusque
1608 1169 1732 1218 operis
1759 1170 1820 1208 sui
1847 1170 2098 1220 ingressus
2125 1170 2164 1208 in
2191 1171 2437 1221 paucissimis

189 1235 367 1276 versibus
393 1234 519 1285 legem
545 1234 827 1284 prooemiorum
853 1245 932 1271 non
958 1231 1042 1270 dico
1070 1232 1253 1280 servavit,
1282 1231 1348 1270 sed
1375 1231 1574 1269 constituit
1601 1242 1652 1268 sc.
1670 1230 1898 1269 Homerus‘?
1925 1231 1969 1269 In
1998 1230 2059 1270 his
2086 1232 2213 1271 verbis
2240 1237 2340 1272 recte
2367 1246 2435 1273 ex-

188 1295 376 1349 plicandis
401 1296 474 1335 viri
501 1295 603 1334 docti
628 1294 793 1333 multum
820 1306 956 1345 operae
984 1292 1219 1332 collocarunt
1245 1306 1366 1344 neque
1393 1297 1523 1331 tamen
1551 1294 1728 1342 cuiquam
1755 1294 1917 1343 contigit
1943 1294 2191 1332 offensionem
2224 1307 2434 1346 removere,

189 1371 306 1410 quam
333 1358 460 1397 inesse
487 1358 528 1397 in
553 1357 792 1397 nominativo
820 1358 1068 1409 ingressus
1096 1369 1230 1395 omnes
1257 1355 1560 1395 consentiebant.
1615 1355 1721 1402 Quae
1749 1367 1836 1393 cum
1861 1356 1918 1394 ita
1944 1360 2085 1403 essent,
2117 1356 2262 1395 Badius
2289 1357 2434 1396 nodum

188 1422 245 1460 sic
271 1420 440 1471 expediri
465 1431 580 1470 posse
607 1419 772 1470 putavit,
808 1422 853 1457 ut
886 1429 953 1470 pro
980 1418 1228 1469 ingressus
1263 1416 1503 1456 nominativo
1531 1414 1747 1455 ablativum
1773 1415 1997 1469 ingressu
2031 1416 2145 1458 scribi
2178 1417 2336 1470 iuberet,
2374 1421 2435 1461 cui

187 1482 289 1521 dicto
316 1483 391 1521 viri
417 1482 519 1520 docti
546 1482 718 1532 cupidius
747 1495 862 1532 quam
888 1494 960 1531 par
987 1485 1071 1518 erat
1096 1481 1297 1518 audientes
1324 1481 1488 1518 fuerunt.
1529 1479 1657 1517 Veluti
1684 1478 1919 1517 Claussenus
1945 1480 1971 1518 l.
1998 1479 2023 1517 l.
2050 1493 2087 1530 p.
2107 1480 2204 1518 336:
2232 1481 2344 1530 Vera,
2370 1482 2432 1519 in-

188 1545 283 1596 quit,
310 1547 370 1583 est
395 1543 583 1594 scriptura
610 1554 722 1593 ,non
747 1542 1000 1593 utriusque
1028 1541 1190 1593 operis
1214 1541 1287 1581 sui
1306 1541 1565 1593 ingressu‘.
1608 1540 1659 1579 Et
1676 1539 1856 1579 Halmius
1875 1541 1976 1580 idem
1995 1543 2227 1593 ingressu
2246 1556 2437 1594 reponens

188 1608 239 1645 in
266 1609 357 1645 ante
382 1606 635 1656 utriusque
671 1606 827 1657 operis
863 1604 1012 1644 adicere
1045 1616 1204 1644 necesse
1238 1603 1384 1643 habuit.
1439 1602 1534 1643 Mihi
1566 1602 1711 1642 tradita
1741 1602 1854 1643 lectio
1882 1602 1980 1643 nihil
2006 1602 2227 1644 offensionis
2253 1605 2437 1656 praebere

191 1669 356 1717 videtur,
390 1667 596 1705 dummodo
624 1673 726 1706 recte
752 1668 995 1718 percipiatur.
1047 1666 1264 1705 Fatendum
1300 1666 1454 1717 quidem
1481 1670 1541 1704 est
1565 1665 1757 1703 rhetorem
1784 1678 1877 1705 sane
1904 1666 2105 1715 balbutire,
2133 1666 2168 1704 si
2195 1666 2437 1719 exploratum

191 1735 295 1771 esset
320 1730 568 1782 ingressus
603 1742 671 1781 pro
698 1730 937 1769 nominativo
966 1733 1081 1769 stare.
1136 1728 1212 1769 Sed
1239 1727 1329 1779 quid
1355 1741 1428 1768 nos
1456 1729 1558 1779 cogit
1583 1731 1627 1767 ut
1652 1729 1693 1766 in
1720 1727 1792 1767 hoc
1820 1742 1913 1768 casu
1940 1730 2226 1768 consistamus?
2266 1743 2332 1769 cur
2358 1745 2433 1770 non

191 1793 242 1832 ad
268 1793 492 1845 genetivum
517 1791 804 1843 progrediamur
830 1791 1062 1843 pendentem
1089 1803 1138 1830 ex
1165 1791 1337 1843 sequenti
1363 1803 1458 1830 voce
1474 1789 1716 1830 versibus?
1743 1790 1934 1841 Equidem
1953 1804 2109 1831 causam
2135 1791 2250 1831 video
2278 1792 2437 1834 nullam.

192 1855 268 1903 Qui
293 1859 426 1893 autem
453 1856 494 1893 in
521 1853 769 1893 collocatione
797 1855 968 1905 genetivi
993 1854 1123 1905 paullo
1145 1854 1392 1892 insolentiore
1428 1853 1645 1901 offenderit,
1680 1853 1715 1890 is
1748 1855 1914 1902 primum
1950 1855 2185 1902 meminerit,
2220 1854 2322 1904 quod
2357 1856 2437 1893 iam

191 1928 309 1968 supra
324 1915 418 1966 dixi,
446 1916 612 1956 Fabium
629 1927 706 1954 non
725 1919 806 1955 tam
826 1914 957 1954 ordine
975 1914 1177 1954 verborum
1197 1929 1312 1967 quam
1329 1914 1443 1955 turba
1461 1913 1653 1954 delectari.
1694 1913 1843 1955 Deinde
1861 1915 2033 1955 conferat
2051 1916 2241 1956 eiusmodi
2260 1917 2437 1969 exempla

193 1978 343 2019 Corneli
368 1979 528 2030 Nepotis
556 1992 580 2018 a
605 1978 714 2029 Lupo
742 1992 778 2030 p.
800 1979 849 2018 19
877 1977 1034 2017 collecta
1061 1977 1169 2017 velut
1186 1978 1318 2029 Pelop.
1345 1978 1382 2017 3.
1403 1979 1424 2017 1
1454 1978 1765 2029 ,magistratuum
1784 1976 2055 2017 Thebanorum
2083 1980 2217 2018 statim
2244 1978 2294 2019 ad
2321 1993 2436 2020 aures

194 2041 399 2092 pervenit‘:
435 2041 513 2079 iam
546 2041 592 2079 de
625 2040 802 2079 lectionis
834 2040 999 2078 traditae
1032 2041 1195 2079 veritate
1222 2040 1395 2079 dubitare
1429 2040 1590 2079 desinet.
1645 2040 1755 2079 Certe
1781 2052 1864 2089 1108,
1899 2040 1990 2079 licet
2015 2040 2158 2080 similia
2185 2041 2360 2093 exempla
2385 2055 2435 2082 ex

195 2102 430 2153 Quintiliano
457 2114 536 2142 non
562 2103 603 2142 in
629 2105 807 2154 promptu
834 2102 923 2152 sint,
951 2102 1100 2142 ratione
1126 2101 1215 2141 freti
1241 2102 1282 2141 in
1308 2101 1481 2142 codicum
1507 2103 1696 2153 scn'ptura
1720 2104 2022 2152 acquiescemus.

318 2164 414 2203 Cum
440 2164 558 2217 vulgo
585 2165 815 2203 scriberetur
840 2164 879 2203 X
906 2164 941 2203 1.
969 2166 1019 2205 68
1046 2164 1232 2215 ,Namque
1256 2165 1291 2204 is
1323 2163 1392 2215 (sc.
1420 2164 1638 2215 Euripides)
1666 2168 1705 2204 et
1731 2175 1906 2203 sermone
1934 2163 2073 2215 (quod
2100 2165 2256 2216 ipsum
2284 2180 2436 2219 quoque

195 2226 489 2280 reprehendunt,
517 2227 654 2278 quibus
682 2227 855 2278 gravitas
884 2230 923 2265 et
949 2225 1159 2266 cothurnus
1187 2230 1227 2265 et
1254 2240 1372 2266 sonus
1399 2225 1577 2279 Sophocli
1602 2226 1755 2266 videtur
1781 2240 1866 2266 esse
1893 2227 2106 2278 sublimior)
2133 2230 2258 2279 magis
2285 2230 2437 2270 accedit

192 2290 358 2330 oratorio
387 2291 542 2341 generi‘,
578 2289 756 2329 Halmius
783 2302 850 2341 pro
880 2289 995 2340 ,quod
1024 2290 1160 2340 ipsum‘
1198 2302 1326 2339 ,quem
1352 2290 1491 2339 ipsum‘
1519 2289 1779 2339 reponendum
1813 2289 1927 2340 idque
1964 2302 2048 2327 cum
2076 2292 2278 2338 ,sermone‘
2311 2294 2435 2332 artius

191 2350 502 2403 coniungendam
530 2363 616 2390 esse
643 2352 791 2391 statuit.
845 2350 1034 2403 Equidem
1059 2351 1231 2390 nondum
1256 2352 1485 2391 auctoritate
1511 2353 1586 2392 viri
1613 2352 1826 2392 doctissimi
1853 2356 2065 2391 commotus
2093 2364 2191 2401 sum,
2225 2357 2271 2393 ut
2296 2354 2437 2407 vulga-

188 2418 271 2454 tam
297 2414 469 2456 codicum
496 2414 781 2466 editionumque
808 2415 1033 2466 scripturam
1060 2414 1287 2470 desererem.
1339 2413 1519 2453 Potuisse
1547 2415 1649 2453 enim
1674 2413 1768 2465 fieri,
1802 2418 1847 2452 ut
1880 2418 2013 2453 auctor
2040 2415 2096 2454 sic
2123 2415 2317 2467 scriberet,
2345 2420 2436 2460 nolo

188 2475 335 2515 infitias
360 2477 428 2526 ire,
464 2477 533 2515 sed
565 2478 837 2516 necessitatem
870 2477 986 2516 huius
1022 2477 1302 2517 emendationis
1334 2478 1505 2516 nondum
1539 2489 1734 2527 assequor.
1788 2477 1870 2523 Quo
1905 2480 2085 2515 vetamur
2109 2477 2360 2528 parenthesin
2385 2481 2436 2519 ad

186 2541 313 2577 totam
340 2539 645 2579 enuntiationem
672 2537 835 2589 trahere,
862 2538 912 2578 ad
938 2538 979 2578 id
1005 2538 1161 2590 scilicet,
1189 2538 1291 2591 quod
1316 2538 1520 2591 Euripides
1547 2539 1692 2578 accedit
1718 2551 1894 2577 sermone
1921 2541 2086 2579 oratorio
2116 2543 2272 2591 generi?
2308 2542 2434 2581 Collo-

187 2600 287 2639 catio
313 2599 519 2640 verborum
546 2602 750 2653 quominus
775 2600 849 2640 hoc
875 2601 1063 2641 faciamus
1091 2614 1185 2641 sane
1211 2601 1308 2640 nihil
1335 2613 1406 2640 1108
1433 2601 1601 2652 impedit.
1645 2599 1710 2640 cfr.
1737 2601 1775 2639 X
1801 2600 1838 2639 2.
1868 2601 1917 2640 10
1947 2605 2108 2651 ,tantam
2136 2604 2239 2642 enim
2266 2603 2431 2643 difficul-

185 2666 306 2701 tatem
331 2660 451 2700 habet
477 2662 701 2712 similitudo,
727 2666 772 2701 ut
797 2675 847 2701 110
872 2663 958 2713 ipsa
984 2662 1137 2714 quidem
1164 2667 1303 2703 natura
1328 2664 1377 2702 in
1404 2662 1495 2702 hoc
1520 2664 1576 2701 ita
1602 2662 1814 2702 evaluerit‘.
1855 2662 1915 2702 Ex
1935 2663 2070 2703 eodem
2089 2677 2229 2716 genere
2248 2670 2310 2706 est
2328 2667 2433 2718 quod

185 2723 313 2764 Cicero
339 2722 459 2763 habet
483 2725 525 2763 in
553 2738 607 2765 or.
628 2729 763 2765 contra
779 2724 911 2764 Pison.
931 2737 962 2764 0.
981 2725 1052 2765 29:
1082 2726 1212 2775 ,etiam
1238 2725 1390 2775 litteris,
1420 2725 1546 2776 quod
1572 2725 1649 2763 fere
1677 2730 1824 2764 ceteros
1843 2726 2053 2776 Epicureos
2072 2726 2266 2777 negligere
2285 2728 2431 2778 dicunt,

186 2785 421 2836 perpolitus‘.
460 2785 614 2836 Cogitat
641 2791 769 2826 orator
794 2786 1036 2838 perpoliri
1062 2787 1273 2827 litteris.
1316 2787 1372 2826 De
1398 2787 1498 2838 legg.
1521 2787 1540 2825 I
1567 2787 1625 2835 16,
1653 2786 1706 2826 45
1733 2787 1817 2837 ,Est
1845 2788 1947 2825 0111111
1972 2788 2098 2826 virtus
2124 2787 2294 2838 perfecta
2320 2791 2433 2839 ratio,

188 2846 313 2898 quod
347 2850 447 2886 certe
483 2848 524 2886 in
556 2852 696 2888 natura
729 2850 813 2898 est‘,
846 2848 919 2887 1100
945 2848 1107 2897 scilicet,
1143 2852 1188 2887 ut
1219 2849 1437 2899 perficiatur
1472 2848 1579 2886 ratio.
1633 2847 1781 2887 Ibidem
1807 2848 1847 2886 Π
1881 2849 1943 2897 27,
1971 2850 2022 2888 69
2060 2849 2198 2898 ,dicam
2233 2850 2282 2889 de
2308 2854 2433 2903 magi-

188 2908 391 2949 stratibus:
418 2908 468 2949 id
487 2909 589 2949 enim
607 2913 669 2950 est
686 2910 869 2963 profecto,
896 2910 998 2965 quod
1015 2909 1289 2964 rempublicam
1308 2910 1501 2951 contineat
1518 2910 1711 2962 maxime‘,
1739 2923 1876 2963 nempe
1902 2909 1955 2962 id,
1982 2915 2028 2953 ut
2052 2912 2305 2965 magistratus
2342 2915 2434 2957 sint.
