2617 3295
1272 80 1345 127 22

53 240 93 274 7
133 199 143 216 ⁵
184 200 446 265 Ambrosiano'
462 212 697 268 singularem
716 212 837 264 fidem
857 222 951 255 'esse
970 212 1264 267 adiungendam.
1304 214 1436 255 Habet
1460 214 1564 255 enim
1589 213 1621 256 A
1647 214 1892 266 tenderet,
1921 215 2025 268 quod
2050 217 2165 257 unice
2189 229 2325 257 verum
2340 222 2454 261 'esse‘

43 280 118 324 1¹:⁷22
180 276 300 329 fitne
332 283 403 330 pro
436 281 538 317 certo
575 276 762 317 affirmari
792 281 934 330 potest.
986 277 1086 317 Nam
1118 278 1281 329 primum
1308 276 1413 317 haud
1448 275 1603 316 difficile
1637 281 1698 317 est
1730 277 1780 318 ad
1816 276 2118 331 intellegendum
2152 292 2255 320 nunc
2281 279 2436 323 demum

39 354 56 391 ὃ,
81 355 83 357 ’
127 368 131 372 -
183 339 374 392 *iugulari
399 341 567 391 reposito
590 340 844 390 aequabiliter
869 340 987 379 fluere
1005 342 1231 389 orationem,
1259 353 1346 379 cum
1372 340 1592 379 tenderet
1619 341 1762 390 optime
1787 340 2019 391 respondeat
2035 341 2093 379 illi
2108 347 2435 394 premeretur,

183 400 325 445 deinde
356 400 464 443 verbi
498 400 685 441 tendendi
719 400 822 441 hunc
854 415 967 441 usum
995 400 1081 440 aliis
1107 400 1241 440 multis
1268 401 1455 453 exemplis
1484 401 1750 442 confirmatum
1777 402 2009 458 invenimus.
2063 402 2128 442 cfr.
2156 415 2189 443 e.
2217 418 2253 455 g.
2280 405 2300 445 I
2325 405 2382 445 12.
2414 407 2435 445 1

184 467 260 514 ‚tot
285 463 498 515 disciplinis
525 465 567 503 in
593 464 791 504 diversum
819 463 1077 503 tendentibus‘
1105 463 1171 501 vel
1195 463 1288 502 VIII
1309 464 1347 503 4.
1370 465 1394 503 9
1422 463 1529 513 ,haec
1555 463 1802 515 amplificatio
1830 464 1872 502 in
1896 464 2093 516 superiora
2111 464 2259 506 tendit‘.
2302 466 2434 508 Scribo

182 526 321 578 igitur:
348 539 447 575 ,cum
475 524 660 566 alterum
686 528 727 565 in
752 527 936 566 verticem
962 525 1188 565 tenderet‘.

308 588 347 627 Π
376 588 438 628 13.
466 589 492 629 9
519 588 630 638 ,Nam
657 589 749 627 recti
769 587 929 639 quidem
956 588 1125 639 corporis
1152 586 1217 627 vel
1237 588 1398 628 minima
1419 588 1544 640 gratia
1570 591 1647 628 est:
1674 601 1811 640 nempe
1839 588 1940 628 enim
1968 588 2133 629 adversa
2158 589 2227 630 sit
2252 590 2372 631 facies
2398 596 2441 632 et·

183 651 355 690 demissa
374 650 535 690 brachia
561 655 601 689 et
626 651 746 689 iuncti
771 650 890 700 pedes
917 654 956 689 et
982 663 1007 688 a
1036 651 1198 688 summis
1225 649 1274 687 ad
1302 651 1382 688 ima
1410 652 1537 701 rigens
1569 652 1690 700 opus‘.
1731 650 2025 689 Coniunctivum
2053 651 2135 700 sit,
2162 655 2207 690 ut
2232 652 2272 690 in
2299 652 2439 692 codici-

175 711 257 752 1)υο
279 711 434 764 legitur,
454 713 640 763 superiori
658 711 869 751 indicativo
893 711 984 751 addi
1010 725 1089 750 non
1107 712 1279 762 potuisse
1299 710 1492 751 Gibsonus
1518 713 1664 763 primus
1684 711 1914 763 intellegens
1931 725 1998 763 pro
2026 714 2090 751 sit
2115 713 2178 751 fit
2196 714 2436 754 scribendum

183 785 272 813 esse
298 775 473 824 coniecit,
502 786 616 825 quam
639 774 897 812 coniecturam
920 773 1295 813 commemorandum
1321 774 1468 824 putavi,
1494 786 1571 812 non
1598 786 1672 824 quo
1693 772 1787 811 mihi
1811 773 2047 825 probaretur,
2075 773 2143 812 sed
2170 786 2218 812 ex
2243 787 2338 813 vera
2362 774 2437 815 loci

183 836 500 887 interpretatione
526 834 685 873 fluxisse
710 835 929 874 videbatur.
971 835 1092 874 Plane
1118 836 1309 874 immerito
1338 837 1451 884 enim,
1478 840 1521 874 ut
1547 835 1683 885 dicam,
1717 835 1819 885 quod
1846 836 1982 884 sentio,
2020 837 2265 875 coniuntivus
2292 837 2360 875 sit
2385 837 2435 876 ab

184 897 364 938 omnibus
391 896 603 936 editoribus
628 900 872 948 propagatur.
914 896 1076 936 Constat
1102 896 1255 948 quidem
1275 897 1563 936 coniunctivum
1589 896 1653 936 vel
1680 897 1720 935 in
1738 897 1951 936 enuntiatis
1970 896 2157 937 absolutis
2175 912 2273 949 quae
2289 911 2435 938 vocan-

183 963 250 998 tur
271 959 393 998 Fabio
420 958 535 998 valde
561 960 601 997 in
629 958 777 998 deliciis
804 960 938 1010 fuisse,
975 964 1020 999 ut
1046 960 1279 999 modestiam
1306 960 1498 1011 quandam
1525 964 1641 1011 atque
1667 960 1924 999 urbanitatem
1953 960 2117 1000 orationi
2143 959 2433 1013 admisceret*)‚

184 1022 254 1063 sed
285 1034 363 1061 non
396 1023 526 1061 minus
554 1025 707 1061 constat
737 1021 839 1061 hunc
866 1022 1100 1061 coniunctivi
1134 1035 1250 1061 usum
1286 1019 1403 1061 certis
1425 1021 1645 1074 regionibus
1680 1036 1704 1062 a
1739 1023 1921 1074 scriptore
1948 1023 2265 1074 circumsaeptum
2298 1024 2432 1064 teneri.
2458 1054 2464 1059 .

183 1084 237 1124 Ut
263 1084 437 1136 exemplo
465 1088 569 1123 utar:
598 1085 639 1122 in
665 1083 736 1123 tali
755 1086 954 1124 enuntiato
982 1084 1094 1135 quale
1122 1089 1182 1123 est
1209 1085 1260 1124 VI
1281 1085 1318 1123 2.
1337 1085 1363 1124 5
1391 1084 1647 1135 ,probationes
1675 1085 1846 1124 efficiant
1872 1097 1978 1134 sane,
2005 1089 2050 1124 ut
2076 1098 2232 1124 causam
2258 1089 2434 1124 nostram

185 1146 385 1186 meliorem
419 1159 506 1186 esse
541 1146 688 1185 iudices
721 1148 867 1198 putent‘
901 1159 971 1186 suo
1004 1147 1085 1186 iure
1113 1146 1393 1194 Quintilianum
1421 1147 1706 1186 coniunctivum
1741 1147 1977 1186 efficiant
2008 1148 2185 1198 posuisse
2218 1146 2321 1186 idem
2355 1147 2437 1187 fere

139 1246 142 1251 .
183 1208 379 1249 valentem
407 1212 523 1260 atque
541 1208 728 1248 Graecum
751 1208 967 1260 ποιήσειαν
995 1207 1049 1247 ἄν
1074 1221 1187 1247 nemo
1214 1209 1361 1260 peritus
1380 1208 1614 1248 diffitebitur.
1657 1208 1733 1248 Sed
1760 1208 1852 1261 quid
1879 1209 1919 1247 in
1946 1207 2019 1248 hoc
2045 1208 2091 1247 de
2119 1222 2193 1260 quo
2214 1210 2436 1260 quaerimus

186 1272 389 1311 enuntiato
417 1271 491 1310 sibi
508 1270 619 1310 vult?
653 1270 766 1310 Iubet
790 1271 936 1310 Fabius
956 1274 1146 1310 oratorem
1165 1271 1319 1309 interim
1346 1283 1394 1309 ex
1420 1270 1484 1309 illo
1512 1271 1721 1310 constituto
1740 1270 1958 1322 traditoque
1985 1267 2117 1309 ordine
2139 1270 2269 1322 aliqua
2286 1275 2437 1311 mutare

185 1337 225 1372 et
251 1346 275 1372 a
302 1332 582 1372 consuetudine
608 1331 762 1384 vulgari
788 1332 974 1382 recedere,
1002 1336 1046 1371 ut
1072 1332 1260 1371 novitatis
1287 1332 1351 1371 vel
1377 1333 1576 1372 varietatis
1594 1332 1872 1372 blandimentis
1899 1332 2139 1373 audientium
2165 1334 2316 1373 animos
2341 1334 2435 1373 irre-

182 1396 267 1444 fiat,
293 1408 456 1444 cumque
473 1396 514 1433 in
536 1395 859 1444 comparationem
879 1394 1051 1432 attulerit
1077 1408 1144 1432 eos
1172 1396 1237 1444 qui
1263 1399 1386 1432 artem
1407 1395 1575 1445 fingendi
1602 1400 1641 1432 et
1664 1395 1846 1445 pingendi
1873 1395 2036 1445 professi
2063 1399 2165 1443 sunt,
2193 1397 2257 1445 qui
2279 1396 2433 1446 quidem

183 1469 300 1510 saepe
315 1455 484 1507 habitus,
500 1455 644 1507 vultus,
668 1459 808 1507 status,
826 1457 1034 1506 variarent,
1054 1457 1179 1508 pergit
1198 1457 1231 1496 si
1251 1455 1446 1497 codicibus
1463 1456 1577 1497 fidem
1596 1456 1828 1496 habeamus:
1857 1470 1960 1505 ,nam
1978 1456 2072 1495 recti
2091 1455 2245 1507 quidem
2265 1459 2432 1508 corporis

183 1519 248 1558 vel
273 1520 435 1557 minima
462 1519 588 1570 gratia
614 1522 685 1556 est.
731 1519 875 1571 Nempe
903 1519 1005 1556 enim
1032 1518 1197 1556 adversa
1224 1519 1288 1557 sit
1313 1518 1456 1557 facies‘.
1504 1519 1602 1568 Quid
1629 1519 1794 1559 adversa
1820 1519 1911 1558 sit?
1946 1518 2219 1559 Coniunctivus
2245 1518 2319 1559 hoc
2344 1519 2428 1560 loco

184 1584 270 1622 siue
294 1581 378 1621 ulla
395 1581 637 1620 dubitatione
654 1581 892 1631 respuendus
920 1585 990 1630 est,
1019 1582 1159 1632 quippe
1179 1581 1244 1630 qui
1271 1579 1417 1630 aliquid
1442 1581 1574 1619 incerti
1601 1585 1717 1632 atque
1743 1580 1915 1632 ambigui
1942 1582 2106 1619 orationi
2131 1580 2272 1620 inferat
2298 1594 2323 1620 a
2342 1594 2433 1620 con-

183 1643 273 1685 silio
299 1643 496 1695 scriptoris
522 1642 637 1695 plane
665 1640 844 1683 alienum.
899 1643 1056 1682 Minime
1090 1643 1294 1682 adversa
1330 1645 1394 1682 sit
1428 1644 1600 1692 facies,
1633 1645 1790 1682 minime
1818 1644 1873 1681 ἄν
1901 1646 1971 1694 εἴη,
2006 1644 2074 1682 sed
2110 1644 2326 1683 adversa
2359 1649 2436 1683 est

184 1706 313 1752 ἐστίν,
337 1717 424 1745 011111
436 1706 662 1757 praesertim
676 1704 909 1744 indicativus
931 1705 972 1744 in
988 1704 1304 1745 antecedentibus
1318 1704 1447 1744 verbis
1464 1704 1589 1745 locum
1603 1703 1757 1745 habeat.
1789 1704 2010 1745 Lenissima
2023 1706 2141 1758 igitur
2154 1707 2368 1748 mutatione
2381 1730 2433 1738 --

183 1783 277 1810 nam
308 1769 357 1808 de
384 1769 603 1807 coniectura
637 1769 706 1807 vix
734 1768 980 1818 cogitandum
1013 1768 1085 1806 erit
1118 1790 1170 1796 —
1198 1767 1426 1806 scribemus:
1465 1781 1629 1819 nempe
1664 1768 1791 1807 enim
1817 1767 2030 1807 adversa
2064 1773 2138 1806 est
2165 1768 2328 1809 facies.
2381 1771 2433 1808 Et

184 1835 312 1873 ortum
338 1834 399 1871 est
425 1829 598 1870 codicum
625 1829 807 1870 mendum
835 1843 881 1870 ex
908 1829 1098 1870 scribendi
1125 1829 1349 1881 compendio
1377 1829 1547 1869 advers
1558 1829 1669 1880 a'st,
1699 1829 1801 1880 quod
1828 1843 1944 1880 quam
1972 1843 2085 1880 saepe
2103 1829 2269 1870 librariis
2295 1844 2432 1870 ansam

183 1894 437 1933 dubitationis
465 1892 623 1941 dederit,
651 1896 695 1930 ut
722 1896 805 1930 tum
831 1893 895 1930 sit
927 1896 1010 1930 tum
1037 1896 1082 1930 et
1114 1896 1197 1930 tum
1225 1896 1279 1930 ut
1306 1891 1618 1942 periclitarentur,
1646 1891 1746 1943 apud
1773 1892 1917 1943 peritos
1945 1892 2084 1942 exponi
2110 1891 2207 1931 nihil
2234 1905 2331 1944 opus
2358 1898 2429 1933 est.

181 1956 357 2008 Imperiti
373 1955 492 1995 velim
516 1954 659 1994 adeant
674 1954 894 1995 Madvicum
913 1954 1107 2006 praeclare
1126 1954 1173 1994 de
1190 1953 1263 1993 hac
1281 1953 1486 1993 verborum
1501 1958 1593 1993 nota
1612 1954 1862 1993 disserentem
1881 1967 1943 2005 op.
1964 1953 2070 1993 acad.
2089 1953 2109 1993 I
2126 1968 2163 2006 p.
2185 1955 2271 2005 184,
2291 1955 2329 1995 Π
2348 1956 2427 1995 222

182 2022 223 2060 et
250 2018 297 2058 de
322 2018 409 2058 Fin.
434 2017 525 2057 444.

309 2081 348 2120 H
377 2080 438 2119 17.
466 2080 519 2119 25
555 2082 606 2129 ,et
628 2078 799 2117 medicus
833 2080 1039 2119 sanitatem
1067 2080 1173 2132 aegri
1208 2080 1323 2132 petit:
1361 2080 1395 2118 si
1427 2083 1555 2118 tamen
1592 2082 1661 2119 aut
1691 2078 1926 2119 valetudinis
1959 2079 2000 2119 vi
2034 2083 2104 2119 aut
2136 2080 2433 2132 intemperantia

185 2146 293 2196 aegri
320 2144 447 2182 aliove
475 2155 549 2192 quo
577 2154 669 2180 casu
698 2155 884 2181 summa
907 2156 998 2181 non
1026 2144 1293 2192 contingit,
1332 2142 1422 2180 dum
1456 2143 1539 2191 ipse
1567 2143 1697 2180 omnia
1723 2142 1932 2180 secundum
1958 2142 2147 2179 rationem
2173 2141 2316 2192 fecerit,
2351 2155 2432 2180 me-

186 2205 337 2245 dicinae
363 2204 441 2244 fine
467 2216 545 2242 non
574 2201 747 2242 excidet‘.
803 2203 912 2243 Hanc
937 2203 1139 2257 vulgarem
1171 2202 1376 2244 lectionem
1404 2202 1492 2243 licet
1527 2202 1775 2256 Spaldingius
1801 2204 1841 2243 in
1869 2203 2027 2243 dubium
2053 2205 2304 2253 revocaverit,
2336 2203 2434 2245 Hal-

185 2271 289 2310 mius
316 2280 387 2307 sua
413 2267 643 2307 auctoritate
678 2267 799 2305 tuitus
826 2271 902 2306 est:
938 2267 1041 2318 quod
1074 2280 1166 2306 num
1193 2266 1259 2305 ille
1287 2269 1388 2304 recte
1414 2265 1561 2315 fecerit,
1597 2265 1742 2314 ἐπέχω.
1795 2265 1925 2316 Neque
1952 2266 2053 2304 enim
2081 2264 2206 2304 adhuc
2233 2265 2432 2319 Spaldingi

186 2331 236 2370 de
263 2344 446 2370 summa
472 2341 567 2368 voce
595 2328 877 2368 dubitationem
903 2334 1088 2368 remotam
1116 2329 1243 2368 video.
1297 2328 1524 2367 Rectissime
1550 2328 1626 2377 ille,
1654 2329 1688 2367 si
1715 2328 1805 2378 quid
1831 2327 1958 2367 video.
2011 2328 2107 2377 ,Non
2133 2340 2257 2378 usque
2284 2340 2434 2379 quaque

187 2393 389 2445 expeditus
417 2395 489 2441 est,
515 2392 623 2432 vocis
650 2403 831 2431 summa
856 2403 963 2430 usus.
1009 2390 1115 2430 Alias
1143 2391 1244 2429 enim
1272 2389 1372 2429 solet
1399 2404 1579 2429 summa
1606 2391 1736 2429 artis
1764 2389 1850 2441 dici,
1880 2389 1981 2442 quod
1998 2390 2131 2442 utique
2149 2394 2322 2442 praestat
2339 2392 2434 2431 arti÷

180 2458 264 2507 1011,
292 2461 336 2496 ut
362 2460 566 2496 eventus
594 2454 829 2504 excludatur,
857 2456 921 2505 qui
948 2456 989 2493 111
1017 2455 1161 2494 artifice
1188 2467 1265 2493 non
1294 2458 1354 2492 est
1379 2454 1551 2503 positus‘.
1613 2453 1675 2492 Sic
1700 2453 1814 2492 modo
1843 2465 1874 2492 0.
1904 2454 1964 2502 16,
1994 2453 2040 2491 11
2081 2458 2245 2502 ,s'umma
2271 2452 2432 2493 rhetori-

183 2519 276 2569 ces‘,
302 2530 472 2570 prooem.
499 2518 523 2557 6
551 2529 717 2567 ,summa
743 2516 827 2554 eius
855 2516 1005 2568 operis‘.
1044 2516 1103 2555 Ex
1131 2517 1217 2568 ipsa
1243 2516 1360 2568 igitur
1379 2514 1605 2564 Quintiliani
1633 2515 1806 2555 doctrina
1832 2528 2007 2555 summa
2032 2515 2243 2555 medicinae
2269 2527 2347 2555 non
2373 2520 2434 2556 est

185 2583 493 2631 sanitas‚.quem
519 2583 652 2619 tamen
679 2591 835 2619 sensum
863 2578 926 2618 hic
952 2579 1058 2618 locus
1084 2578 1268 2629 postulat.
1335 2577 1465 2616 Malim
1492 2578 1630 2617 abesse
1657 2591 1838 2617 summa
1865 2577 1931 2629 (ex
1959 2590 2072 2616 casu
2101 2580 2269 2616 extremo
2296 2582 2430 2617 natum

184 2642 369 2695 fortasse)
396 2646 442 2681 ut
467 2640 715 2692 intellegatur
742 2642 935 2680 sanitas
963 2641 1027 2693 (ex
1054 2641 1261 2693 prioribus)
1290 2640 1340 2688 ad
1368 2643 1646 2692 co11tingit·.
1670 2672 1676 2678 .
1700 2641 1940 2689 Rectissime,
1973 2641 2142 2691 inquam,
2171 2639 2247 2689 ille,
2282 2640 2316 2678 si
2344 2640 2432 2690 quis

308 2797 342 2836 ³²)
365 2797 427 2829 cfr.
450 2796 648 2837 Zumptium
676 2795 720 2827 ad
743 2794 857 2835 Spald.
881 2796 913 2829 V
934 2796 994 2828 411
1018 2796 1069 2835 ,In
1092 2795 1283 2828 enuntiatis
1313 2795 1478 2827 absolutis
1502 2796 1752 2829 coniunctivum
1776 2798 1811 2828 et
1832 2794 1893 2828 alii
1914 2793 2100 2835 scriptores
2122 2794 2222 2827 huius
2244 2792 2373 2827 aetatis
2396 2795 2431 2826 et

141 2879 145 2882 .
178 2847 343 2891 inprimis
355 2848 588 2889 Quintilianus
605 2846 742 2881 facilem
760 2846 930 2887 quandam
949 2850 985 2879 et
1002 2847 1110 2880 lenem
1130 2847 1332 2880 modestiam
1351 2846 1550 2880 simulantes
1569 2848 1709 2882 nimium
1721 2848 1919 2888 frequenter
1936 2849 2075 2889 ponunt,
2093 2846 2151 2880 ubi
2164 2845 2279 2879 Cicero
2296 2844 2433 2896 fortiter

181 2900 370 2937 indicativo
391 2900 465 2943 sine
488 2898 718 2934 dubitationis
740 2898 831 2931 falsa
853 2898 965 2941 specie
987 2898 1120 2932 utitur‘,
