2617 3295
1292 78 1362 124 1¹!

151 264 155 267 μ
182 211 357 273 ,jx-:mins
379 224 497 266 quam
519 210 668 252 nudum
681 210 1069 252 ,infinitivumnemo
1095 210 1248 262 ignorat
1256 210 1317 262 *),,
1350 210 1458 250 Inest
1482 195 1525 249 in
1549 209 1623 250 hoc
1641 209 1859 252 affirmandi
1875 214 1914 252 et
1931 211 2184 254 asseverandi
2198 211 2462 275 tigmine-⁸3
2476 234 2508 274 ζ’

158 291 162 307 2
190 283 280 329 ¹“qua
304 274 510 328 opponitur
534 273 816 326 quodammodo
851 272 964 313 alteri
981 271 1059 322 ffli,
1097 285 1143 312 ac
1169 271 1245 312 dici
1271 273 1436 312 maxime
1463 271 1565 312 solet
1589 273 1637 312 de
1663 274 1711 312 iis
1737 275 1804 325 qui
1838 273 1984 325 aliquid
2010 276 2124 326 quasi
2148 288 2222 316 suo
2246 277 2331 317 iure
2353 283 2505 326 m

188 336 469 390 nde-quadam
498 341 537 376 et
563 336 755 389 gravitate
782 334 991 386 elocuntur,
1026 334 1189 387 denique
1221 335 1287 386 qui
1316 334 1440 375 videri
1466 333 1604 375 volunt
1636 347 1678 374 se
1712 334 1753 375 id
1785 334 1900 388 quod
1923 335 2053 377 dicant
2083 336 2251 379 libenter
2274 342 2346 381 eut
2369 337 2450 398 debs

2521 273 2558 311 ‘a
2568 255 2600 312 -ὲὲ,

201 401 484 440 monstraturos
520 411 607 438 esse
639 401 707 437 aut
738 402 1011 449 praestaturos.
1076 396 1139 437 Sic
1175 396 1303 437 Cicero
1333 398 1446 440 Tuae.
1473 397 1507 436 V
1539 397 1566 436 5
1602 397 1773 449 loquitur
1803 410 1894 448 ,non
1927 398 2023 438 mihi
2054 400 2209 454 videtur
2243 399 2295 441 ad
2329 399 2445 442 bewe
2511 416 2521 425 “
2564 411 2591 431 ¹*

201 460 412 504 vivendum
449 463 545 502 satis
575 473 690 512 posse
715 461 925 510 virtutem‘,
958 460 1014 499 sic
1047 460 1164 499 etiam
1189 460 1335 499 Fabius
1368 460 1440 499 hoc
1465 459 1513 498 de
1540 473 1614 510 quo
1642 462 1773 512 agitur
1799 460 1884 499 loco
1913 461 2000 509 ‚sibi
2027 462 2165 501 videri‘
2188 463 2324 503 utitur.
2375 464 2441 503 ὠ.

201 523 384 576 Draegeri
409 523 511 563 Hist.
539 523 649 573 Synt.
675 517 729 561 IV
749 523 777 562 71
805 535 842 574 p.
869 521 958 562 368.
1020 521 1206 561 Nimirum
1232 521 1380 561 irrideri
1405 520 1535 561 rhetor
1560 521 1644 562 vult
1679 523 1893 563 imitatores
1926 523 2060 574 pingui
2085 524 2239 575 ingenio
2265 523 2356 565 illos
2381 529 2448 565 st·

202 598 275 637 que
301 586 423 636 tardo,
450 587 519 637 qui
545 585 724 636 quamvis
750 597 775 622 a
800 596 950 622 summo
976 588 1110 634 petant
1143 583 1383 633 eloquentiae
1415 583 1574 632 fruetus,
1608 587 1740 622 tamen
1774 583 1963 623 caelestes
1999 597 2043 623 ac
2068 597 2187 637 prope
2219 586 2375 627 divinos
2400 587 2444 626 in

202 647 363 688 dicendo
389 648 496 689 viros
523 660 564 687 se
591 647 860 698 aequiperasse
886 658 1113 697 persuasum
1136 644 1317 685 habeant.
1368 645 1447 684 Nos
1472 646 1591 696 igitur
1616 658 1641 684 a
1666 659 1757 686 vero
1784 659 1863 686 nou
1889 646 2167 697 abennbimus,
2202 650 2235 689 si
2268 649 2355 698 ‚sibi
2380 650 2442 689 vi-

203 709 296 750 deri‘
324 711 568 750 coniunctum
596 721 683 748 cum
709 707 929 747 accusativo
961 719 1048 747 cum
1073 707 1264 747 infinitivo
1291 706 1331 745 in
1365 705 1466 746 hanc
1497 708 1730 747 sententiam
1755 708 2103 767 interpretabimur,
2130 713 2328 763 tamquam
2352 711 2442 752 imi-

202 776 372 812 tatorum
399 772 554 812 illorum
581 771 709 821 opinio
739 782 892 808 omnem
916 768 981 808 vel
1005 770 1173 820 negandi
1199 768 1264 807 vel
1292 768 1492 807 dubitandi
1519 771 1666 821 copiam
1694 769 1882 810 excludat.
1936 772 2061 821 Atque
2089 771 2190 811 hanc
2215 774 2444 824 interpreta-

107 868 139 882 ,ἱ
201 834 345 875 tionem
370 834 482 874 unice
508 846 642 873 veram
668 844 754 871 esse
779 831 945 871 maxime
972 830 1138 871 adducor
1163 835 1208 870 ut
1226 830 1377 870 erciam
1397 831 1535 871 acerba
1555 832 1679 872 ironia
1701 832 2013 873 antecedentibus
2031 833 2163 874 verbis
2182 835 2241 875 ita
2257 835 2442 885 admixta,

201 902 246 937 ut
270 897 464 936 neminem
499 896 565 947 qui
601 895 665 934 vel
689 894 931 933 mediocriter
964 894 1141 933 attendat
1166 893 1298 933 fallere
1323 894 1456 945 possit.
1511 895 1598 944 ‚Qui
1634 898 1766 933 carent
1803 893 1907 934 cultu
1939 900 2052 946 atque
2089 898 2292 937 sententiis
2324 897 2448 945 Affinis

201 963 294 998 sunt
320 957 548 1007 scilicet,
576 957 641 1008 qui
667 957 849 1008 praecisis
876 954 1186 994 conclusionibus
1214 955 1374 1005 obscuri,
1401 954 1625 995 Sallustium
1652 961 1768 1007 atque
1796 955 2057 1005 Thucydidem
2084 963 2278 1009 superant,
2310 959 2445 999 tristes

201 1033 247 1061 ac
272 1021 392 1059 ieiuni
418 1018 633 1059 Pollionem
670 1017 925 1065 aemulantur,
961 1015 1076 1056 otiosi
1110 1021 1151 1056 et
1175 1018 1304 1068 supini
1338 1018 1372 1056 si
1398 1017 1491 1068 quid
1516 1018 1630 1057 modo
1667 1018 1820 1070 longius
1846 1019 2193 1071 circumduxerunt,
2228 1021 2359 1061 iurant
2383 1021 2450 1075 ita,

202 1082 423 1123 Ciceronem
448 1082 663 1121 locuturum
689 1079 833 1119 fuisse‘.
874 1079 940 1119 cfr.
968 1080 1084 1118 etiam
1109 1079 1162 1120 Iv
1186 1080 1224 1129 2,
1251 1079 1301 1119 67
1329 1079 1537 1130 ‚respondit
1563 1093 1661 1130 quae
1689 1082 1724 1121 ei
1751 1082 1881 1120 visum
1907 1083 1990 1120 est‘.

323 1144 383 1185 Ad
410 1156 458 1185 ea
484 1156 582 1197 quae
608 1142 795 1182 habemus
823 1142 858 1192 1,
885 1142 936 1182 62
972 1141 1026 1192 ,Si
1059 1143 1249 1184 tenuisset
1280 1141 1436 1181 modum
1472 1141 1541 1194 (sc.
1569 1141 1826 1193 Stesichorus)
1853 1142 2006 1183 videtur
2031 1144 2216 1185 aemulari
2244 1147 2443 1197 proximus

199 1207 412 1247 Homerum
438 1206 624 1259 potuisse‘
651 1204 876 1243 Bonnellius
899 1203 1078 1244 adnotat:
1107 1209 1203 1254 ‚Der
1229 1206 1271 1242 in
1296 1204 1499 1244 videtur
1526 1208 1749 1243 erithaleene
1766 1206 1923 1254 Beqriff
1943 1212 2089 1246 ersetzt
2108 1212 2184 1247 den
2204 1211 2437 1254 conjunctio

202 1275 270 1309 dee
302 1269 583 1317 Folyesatzes‘,
618 1267 756 1318 quibus
791 1267 971 1306 assentiri
1002 1279 1064 1306 me
1099 1269 1236 1306 vetant
1269 1264 1446 1319 exempla
1478 1266 1591 1316 quale
1625 1271 1684 1305 est
1716 1281 1748 1306 e.
1784 1280 1822 1318 g.
1857 1266 1932 1307 Cic.
1963 1268 2076 1309 Tusc.
2102 1270 2136 1308 V
2167 1270 2235 1319 32,
2263 1271 2328 1320 90ν
2347 1270 2445 1320 ‚Nini

203 1345 300 1385 quos
327 1344 352 1371 a
377 1334 483 1370 reeta
508 1330 659 1369 ratione
685 1333 826 1368 natura
842 1329 987 1368 vitiosa
1013 1327 1246 1377 detorsisset,
1274 1326 1407 1367 eodem
1426 1326 1499 1367 hoc
1517 1328 1646 1367 animo
1664 1341 1749 1368 esse
1774 1331 2005 1380 potuerunt&
2032 1343 2080 1370 ex
2097 1344 2172 1382 quo
2198 1331 2449 1383 perspimmmv

201 1399 262 1434 est
296 1393 493 1446 ,potuisse‘
528 1392 671 1430 factum
707 1404 793 1430 esse
827 1401 894 1429 ex·
910 1402 955 1429 eo
988 1389 1089 1442 quod
1121 1391 1163 1428 in
1189 1390 1359 1428 oratione
1391 1394 1497 1428 recta
1532 1392 1727 1441 posuisset
1751 1395 1885 1429 auctor
1919 1393 2079 1442 ,potuit‘.
2140 1392 2299 1432 Rectius
2324 1393 2442 1446 igitur

199 1456 438 1508 Kruegerus:
467 1453 632 1505 ,videtur
657 1454 831 1504 potuisse
857 1452 893 1492 d.
919 1453 945 1492 i.
972 1452 1098 1504 potuit
1124 1450 1190 1502 (Ξ
1210 1450 1426 1503 potuisset),
1454 1456 1498 1491 ut
1522 1452 1697 1492 videtur‘.
1716 1476 1768 1481 —
1793 1452 1894 1493 Huic
1918 1452 2003 1493 loeo
2030 1453 2219 1494 finitimus
2245 1459 2307 1496 est
2333 1457 2368 1507 1,
2387 1456 2440 1497 98

200 1517 329 1568 ,Ovidi
354 1516 491 1555 Medea
515 1515 669 1554 videtur
694 1514 789 1552 mihi
817 1514 1029 1563 ostendere,
1064 1518 1250 1565 quantum
1282 1512 1347 1551 ille
1380 1513 1441 1551 vir
1467 1517 1661 1565 praestare
1686 1515 1927 1565 potuerit,
1964 1515 2000 1554 si
2034 1516 2190 1567 ingenio
2218 1529 2290 1556 suo
2317 1517 2439 1570 impe-

200 1593 285 1620 rare
311 1591 427 1630 quam
452 1576 649 1628 indulgere
675 1575 899 1616 maluisset‘.
1556 1631 1558 1633 Ι

264 1633 271 1638 ’
325 1641 360 1691 1,
389 1641 437 1679 77
464 1638 666 1690 vulgatur:
693 1637 852 1689 ‚plenior
868 1636 1080 1677 Aeschines
1109 1641 1147 1675 et
1172 1638 1298 1690 magis
1323 1637 1432 1676 fusus
1460 1640 1499 1675 et
1524 1636 1773 1689 grandiori
1799 1638 1999 1689 similis,
2027 1652 2102 1691 quo
2128 1639 2258 1679 minus
2283 1642 2439 1684 strictus

201 1707 271 1753 est,
298 1703 423 1742 carnis
450 1706 580 1741 tamen
606 1699 695 1752 plus
721 1699 840 1740 habet
864 1701 991 1739 minus
1017 1699 1269 1739 lacertorum‘.
1321 1699 1432 1738 Hunc
1457 1698 1583 1738 locum
1611 1713 1697 1738 cum
1725 1713 1840 1751 supra
1865 1701 1914 1739 de
1942 1701 2143 1740 adiectivis
2168 1704 2344 1742 neutrius
2370 1716 2439 1755 ge-

200 1765 302 1804 neris
328 1764 434 1804 vices
461 1763 697 1803 substantivi
732 1761 1012 1802 sustinentibus
1037 1761 1158 1801 verba
1183 1761 1346 1801 facerem
1374 1760 1527 1801 silentio
1553 1762 1804 1813 praetermisi,
1839 1775 1917 1802 non
1944 1776 2019 1816 quo
2055 1776 2117 1803 me
2143 1763 2334 1815 fefellerit,
2369 1764 2441 1806 sed

201 1828 295 1881 quia
325 1825 441 1866 valde
474 1825 606 1865 dubito
640 1829 770 1865 utrum
805 1825 861 1864 sic
893 1824 1216 1877 quemadmodum
1249 1824 1413 1876 legimus
1450 1824 1498 1864 ab
1532 1825 1614 1876 ipso
1650 1825 1833 1876 scriptore
1868 1826 2060 1877 profectus
2093 1827 2145 1866 sit
2169 1839 2300 1867 necne.
2352 1825 2451 1870 Non*

202 1889 355 1943 quidem
381 1888 520 1929 haereo
547 1889 587 1928 in
614 1889 780 1940 positivo
809 1887 982 1938 ,similis‘,
1017 1888 1076 1926 cui
1109 1888 1355 1938 comparativi
1379 1888 1460 1926 vim
1487 1888 1734 1926 asserendam
1761 1901 1847 1927 esse
1875 1889 1924 1927 ab
1952 1889 2264 1929 antecedentibus
2300 1892 2440 1941 ,mag-is

200 1952 323 1992 fusus‘
349 1951 610 2002 unusquisque
637 1949 749 1989 facile
776 1949 967 1989 concedet.
1007 1949 1072 1988 cfr.
1102 1950 1136 1991 1,
1156 1950 1206 1989 93
1233 1952 1371 1998 ,tersus
1397 1952 1515 2000 atque
1541 1948 1697 2000 elegans
1723 1950 1893 1989 maxime
1916 1950 2068 1990 videtur
2094 1955 2227 1991 auctor
2253 1950 2441 1992 'Tibullus‘

202 2018 241 2053 et
265 2015 343 2053 XII
368 2015 405 2063 6,
433 2015 457 2052 6
484 2024 522 2061 ,a
547 2025 662 2062 quam
688 2013 855 2049 maxime
881 2010 985 2049 facili
1012 2023 1056 2048 ac
1082 2010 1286 2048 favorabili
1313 2012 1454 2049 causa⁴.
1506 2011 1551 2049 In
1578 2023 1640 2048 me
1667 2011 1809 2049 residet
1837 2011 1983 2063 aliquid
2008 2012 2175 2063 scrupuli
2201 2012 2248 2051 de
2272 2013 2438 2053 veritate

201 2075 378 2116 lectionis
406 2073 641 2125 ,grandiori‘z
669 2085 795 2123 neque
821 2074 923 2112 enim
950 2072 999 2112 ab
1025 2073 1154 2112 animo
1181 2073 1385 2122 impetrare
1410 2086 1585 2124 possum,
1612 2071 1685 2111 hoc
1711 2086 1778 2122 pro
1805 2079 1942 2112 neutro
1969 2073 2186 2112 habendum
2204 2087 2288 2113 esse
2315 2074 2451 2114 idem:

201 2144 275 2190 que
300 2135 429 2181 valere
456 2139 572 2186 atque
600 2134 807 2186 ,grandiori
834 2135 964 2187 generi
991 2133 1164 2173 dicendi‘.
1223 2132 1400 2172 Profecto
1427 2132 1499 2173 hae
1525 2134 1838 2185 interpretatione
1864 2134 2035 2175 admissa
2059 2135 2288 2175 Laconicam
2314 2148 2438 2188 quan-

201 2200 292 2239 dam
317 2198 664 2247 breviloquentiam
690 2197 924 2244 Quintiliano
953 2196 1242 2236 obtruderemus
1270 2195 1318 2234 ab
1344 2196 1467 2245 ipsius
1494 2210 1568 2234 usu
1595 2209 1750 2246 prorsus
1778 2196 1956 2235 alienam.
2010 2197 2179 2235 Primum
2213 2198 2317 2235 enim
2341 2210 2439 2237 neu-

201 2265 317 2311 trum,
342 2263 388 2299 ut
412 2260 491 2298 iam
518 2271 637 2310 supra
663 2259 893 2308 monuimus,
918 2257 1046 2310 paullo
1073 2256 1301 2296 insolentius
1329 2256 1472 2296 dictum
1499 2262 1621 2307 esset,
1660 2257 1796 2296 deinde
1825 2258 1973 2298 valeret
1998 2259 2228 2309 comparatio
2257 2272 2440 2312 compen·

201 2323 325 2362 diaria
351 2334 468 2373 quam
493 2325 645 2370 vocant,
674 2320 775 2371 quod
799 2325 1003 2371 utrumque
1030 2321 1086 2358 ita
1112 2324 1155 2358 ut
1179 2318 1241 2357 hic
1268 2319 1511 2358 coniunctum
1538 2319 1613 2358 alio
1640 2319 1722 2358 loco
1751 2321 1940 2358 inveneris
1960 2320 2076 2359 nullo.
2115 2320 2213 2359 Nam
2240 2319 2342 2373 quod
2366 2321 2438 2361 ad-

200 2384 276 2424 fert
291 2382 514 2424 Bonnellius
532 2386 731 2434 tamquam
758 2382 883 2422 simile
909 2382 948 2421 11
968 2384 1026 2431 11,
1049 2383 1085 2431 2,
1111 2380 1294 2432 plurimos
1321 2381 1463 2421 habent
1490 2381 1633 2420 similes
1661 2381 1926 2434 neglegentiae
1953 2394 2058 2432 suae,
2083 2383 2340 2433 paucissimos
2365 2397 2438 2423 na-

128 2438 137 2442 ”
201 2449 335 2496 turae‘,
368 2445 441 2484 hoc
472 2445 561 2483 licet
593 2445 825 2484 confidenter
854 2448 1085 2496 propagetur
1120 2443 1169 2481 ab
1197 2443 1303 2493 aliis,
1340 2456 1495 2494 prorsus
1522 2444 1663 2482 diversi
1690 2445 1838 2494 generis
1877 2455 1961 2482 esse
1987 2445 2027 2482 in
2054 2449 2187 2495 aperto
2215 2449 2286 2484 est.
2340 2444 2437 2485 Cum

201 2508 304 2548 enim
329 2507 438 2547 addit
464 2508 623 2559 scriptor
649 2506 925 2559 ,neglegentiae
952 2507 1110 2556 suae‘,
1137 2519 1341 2557 personam
1367 2507 1422 2544 rei
1449 2507 1624 2557 adiungit
1649 2507 1705 2545 ita
1730 2510 1772 2544 ut
1798 2504 1894 2544 nihil
1913 2506 2114 2557 impediat,
2148 2508 2355 2559 quominus
2380 2507 2439 2548 illi

200 2569 385 2623 plurimos
411 2569 655 2622 neglegentia
680 2570 742 2609 sui
761 2568 919 2619 similes,
947 2572 1086 2608 natura
1106 2568 1360 2619 paucissimos
1381 2567 1563 2608 habuisse
1585 2569 1768 2608 dicantur.
1815 2567 1930 2607 Aliud
1951 2573 2081 2608 autem
2103 2572 2165 2608 est
2186 2569 2438 2620 grandiori

200 2631 394 2681 similis,
413 2631 519 2671 aliud
537 2632 777 2683 grandiori
794 2632 924 2683 generi
942 2630 1091 2670 dicendi
1108 2631 1274 2669 nescio
1295 2631 1429 2669 cuius
1451 2630 1646 2669 similis.
1668 2653 1721 2659 —
1746 2629 1853 2668 Duae
1872 2642 1913 2668 se
1931 2630 2096 2669 offerunt
2112 2632 2200 2670 viae
2218 2630 2317 2670 hanc
2334 2630 2438 2672 diffi-

201 2694 382 2735 cultatem
396 2692 583 2735 solvendi.
608 2696 686 2736 Aut
704 2692 958 2748 grandiori
976 2705 1043 2744 pro
1058 2692 1270 2731 masculino
1294 2687 1511 2732 habendum
1525 2697 1583 2731 est
1600 2697 1639 2730 et
1653 2691 1906 2743 supplendum
1926 2697 2070 2731 orato
2082 2693 2140 2742 ri,
2163 2693 2202 2731 id
2221 2692 2324 2744 quod
2342 2692 2440 2734 mih'i

323 2841 357 2881 ³⁸)
378 2839 429 2872 De
452 2838 655 2879 discrimine,
686 2839 776 2882 quod
797 2838 979 2873 intercedit
1000 2839 1090 2873 inter
1111 2841 1291 2879 utramque
1314 2837 1607 2876 constructionem,
1635 2836 1713 2870 vide
1741 2838 1952 2879 praeclaram
1975 2837 2081 2871 Haasi
2104 2836 2367 2873 adnotationem
2387 2839 2432 2873 ad

198 2890 391 2936 Reisig-ium
412 2890 475 2925 605
495 2899 527 2933 p.
549 2890 620 2924 793.
