2617 3295
161 254 167 259 .
229 212 421 256 editiones
453 213 490 256 si
523 226 821 256 commemorare
844 217 1001 256 tantum
1036 213 1133 254 satis
1165 211 1348 264 habuero,
1381 213 1538 254 veniam
1571 211 1667 252 mihi
1701 222 1780 252 non
1807 209 1936 253 defore
1962 223 2086 264 spero.
2136 210 2337 253 Habemus
2362 193 2481 254 enim
2520 199 2584 223 ᾳ

222 286 321 317 'vere
345 289 490 318 novam
516 275 724 316 editionem
748 277 865 317 novis
890 277 987 316 artis
1013 276 1165 316 criticae
1191 273 1373 314 subsidiis
1399 275 1627 315 instructam
1652 281 1705 303 —²·
1728 271 1862 312 Halmi
1887 271 2095 313 editionem
2121 273 2206 314 dieo
2232 282 2268 315 a.
2296 274 2399 316 1868
2424 275 2466 315 in
2530 283 2533 286 '
2576 253 2617 287 Ἀ

78 331 109 387 ,Ξ
125 335 148 395 gf
163 334 172 337 ”
227 335 356 382 lucem
379 338 591 392 prolatam,
627 351 708 391 qua
733 338 825 390 quid
851 337 1126 391 praestandum
1159 340 1263 377 esset
1295 336 1358 377 vel
1392 336 1580 410 praestari
1606 338 1738 388 posset
1767 335 2039 388 manuscriptis
2064 337 2132 376 via
2156 349 2202 377 ac
2226 337 2375 377 ratione
2400 349 2468 377 ex·

36 446 47 459 ,
164 410 167 413 ’
228 413 377 453 Q
392 401 591 454 perpensis
617 400 782 449 aliorum
807 402 987 451 inventis,
1014 401 1136 452 ipsius
1156 399 1296 450 allatis,
1323 400 1522 452 ingeniose
1542 399 1666 439 editor
1685 398 1976 439 demonstravit.
2016 398 2076 438 Ad
2099 398 2299 439 Halmium
2319 411 2484 452 semper*

225 463 464 505 redeundum
490 463 565 503 erit
591 462 639 514 ei,
666 464 732 516 qui
756 462 818 503 his
843 462 1077 515 temporibus
1103 463 1144 501 in
1163 461 1285 501 Fabio
1306 461 1536 502 recensendo
1562 459 1627 501 vel
1651 460 1890 500 emendando
1918 473 2074 513 operam
2098 460 2260 502 locabit:
2287 462 2467 503 Halmius

213 515 376 579 'primus
402 527 499 565 artis
524 538 624 577 quae
648 538 741 565 vere
775 526 850 564 dici
875 526 999 576 possit
1034 525 1187 564 criticae
1215 524 1496 572 Quintilianeae
1530 522 1655 562 solida
1688 522 1941 562 fundamenta
1965 524 2066 562 iecit.
2119 523 2202 561 Iam
2227 536 2320 563 vero
2347 528 2392 564 ut
2416 523 2467 563 ad

225 586 367 628 librum
393 587 586 628 decimum
612 590 848 627 revertamur
872 610 935 638 —-,
962 584 1181 627 Frotscheri
1198 584 1324 625 veditio
1351 584 1458 637 Lips.
1487 598 1522 625 a.
1551 584 1651 625 1826
1677 584 1718 623 in
1744 582 1940 636 publicum
1968 584 2071 625 edita
2097 585 2137 625 in
2164 585 2342 625 manibus
2370 589 2464 637 erat,

227 649 293 701 qui
318 649 532 701 permultas
556 653 670 688 notas
697 662 744 688 ex
770 647 991 700 Spaldingio
1020 648 1070 688 ad
1095 648 1257 687 verbum
1282 651 1326 686 ut
1350 648 1482 686 dicunt
1506 647 1650 698 recepit
1674 647 1732 685 ita
1757 650 1907 697 tamen,
1943 651 1988 686 ut
2019 648 2100 687 suis
2127 648 2212 699 ipse
2238 646 2359 687 oculis
2384 660 2467 688 rem

226 712 445 752 accuratius
479 712 692 751 intueretur
726 722 913 762 suumque
946 711 1021 750 sibi
1055 710 1198 749 faceret
1221 709 1406 748 iudicium
1432 723 1477 749 ac
1502 709 1702 748 nobiscum
1730 709 2037 750 communicaret.
2089 709 2208 749 Porro
2234 709 2337 749 Frid.
2364 709 2465 751 Guil.

226 773 394 827 Augusti
419 775 445 814 i.
473 787 506 814 e.
529 772 811 814 Schneidewini
838 772 1045 813 editionem
1057 772 1094 825 ²)
1122 772 1370 823 inspiciebam
1396 773 1437 812 in
1464 785 1508 812 eo
1535 771 1781 820 elaborantis,
1808 774 1853 810 ut
1874 770 2042 811 Graecae
2066 771 2223 824 linguae
2244 786 2358 811 usum
2378 772 2466 812 ubi-

227 847 378 886 cunque
409 839 560 886 poterat
585 847 672 873 cum
696 835 838 874 Latino
875 839 1127 887 componeret.
1180 835 1308 873 Etiam
1333 835 1479 873 Alberti
1511 834 1639 873 libello
1665 832 1861 873 nonnullis
1885 832 1980 873 locis
2006 846 2067 873 me
2094 834 2269 874 adiutum
2295 847 2382 874 esse
2406 836 2466 875 in-

227 909 354 950 genue
379 897 514 938 fateor.
566 897 702 949 Longe
727 896 932 948 plurimum
958 902 1087 938 autem
1114 896 1289 937 Bonnelli
1302 898 1339 947 2)
1368 900 1409 936 et
1433 896 1618 948 Kruegeri
1645 895 1877 935 editionibus
1903 894 2036 946 debeo,
2073 911 2235 948 quorum
2260 896 2326 936 ille
2351 897 2465 937 rebus

226 958 292 998 vel
318 957 556 998 difficillimis
582 959 774 1010 explicatu
799 958 922 999 lucem
956 959 1087 999 attulit
1114 958 1411 1011 diligentiusque
1438 960 1478 998 in
1503 971 1616 999 usum
1641 957 1821 1009 loquendi
1848 958 2067 1010 inquisivit,
2095 958 2199 1012 hic³)
2226 962 2266 998 et
2290 958 2466 999 Bonnelli

225 1021 607 1073 interpretationibus
642 1025 682 1061 et
706 1019 838 1060 Halmi
874 1021 1207 1061 emendationibus
1246 1022 1304 1060 sui
1340 1021 1472 1060 iudicii
1507 1022 1738 1073 gravitatem
1771 1022 1952 1072 apposuit
1975 1018 2250 1073 praecipueque
2276 1022 2467 1062 vocabula

225 1095 326 1136 quae
340 1081 391 1123 ad
403 1087 526 1123 artem
545 1082 774 1124 rhetoricam
786 1085 989 1136 pertinent,
1013 1084 1130 1124 dubia
1147 1096 1422 1136 nonnunquam
1436 1087 1476 1123 et
1493 1084 1605 1135 quasi
1617 1081 1794 1123 involuta
1812 1083 1952 1123 certius
1970 1084 2258 1136 accuratiusque
2278 1083 2465 1125 definivit.
2497 1077 2499 1081 ’

351 1145 485 1185 Habes
520 1150 612 1185 ante
645 1145 776 1185 oculos
801 1160 933 1186 eorum
968 1148 1137 1186 virorum
1164 1146 1283 1185 libros
1309 1159 1404 1197 quos
1431 1147 1471 1184 in
1499 1159 1578 1185 rem
1605 1158 1731 1184 meam
1758 1149 1978 1185 convertere
2002 1145 2100 1185 mihi
2130 1146 2258 1186 licuit:
2292 1146 2465 1199 singulas

0 1147 23 1254 Ξ
40 1196 46 1203 .
226 1208 569 1249 commentationes
583 1220 653 1247 suo
667 1207 751 1248 loco
766 1208 1085 1249 commemorabo.
1125 1209 1208 1248 Iam
1225 1209 1327 1247 enim
1343 1213 1494 1260 tempus
1518 1221 1580 1247 me
1593 1212 1748 1247 revocat
1770 1207 1820 1247 ad
1838 1208 1961 1259 ipsam
1976 1209 2251 1259 quaestionem,
2273 1222 2388 1260 quam
2408 1209 2466 1248 ita

0 1260 37 1310 ἓν(
50 1299 64 1307 κ
224 1272 429 1311 instituere
447 1270 576 1309 visum
596 1274 666 1319 est,
692 1274 736 1309 ut
755 1271 920 1321 primum
939 1272 1240 1321 praepositiones
1262 1275 1300 1309 et
1319 1271 1546 1321 pronomina
1566 1273 1831 1318 tractarentur,
1858 1282 1937 1308 non
1959 1271 2089 1309 omnia
2107 1269 2175 1308 illa
2200 1271 2367 1322 quidem,
2396 1270 2465 1309 sed

225 1344 275 1373 ea
298 1331 582 1383 tantummodo,
615 1344 716 1384 quae
749 1331 843 1372 novi
869 1330 1013 1385 aliquid
1040 1345 1085 1372 ac
1111 1331 1317 1384 singularis
1345 1333 1552 1383 continent,
1587 1331 1627 1371 id
1654 1331 1756 1383 quod
1787 1344 1866 1371 non
1899 1344 2054 1383 prorsus
2080 1331 2215 1373 inutile
2242 1333 2465 1374 docentibus

0 1380 15 1460 ζ
224 1395 540 1445 discentibusque
565 1394 647 1433 fore
674 1394 889 1445 sperabam.
930 1394 1079 1433 Addam
1106 1394 1286 1447 deinceps
1311 1395 1526 1447 promiscue
1551 1394 1749 1445 nonnulla,
1775 1395 1816 1434 in
1843 1394 2274 1495 quibulsupercensendis
2301 1395 2466 1436 editores

9 1455 39 1495 3⁴-
415 1458 423 1466 .
743 1458 751 1466 .
1248 1470 1274 1479 ..
1857 1456 1883 1495 d
1908 1458 1958 1495 m.
1992 1457 2000 1466 .
2059 1458 2067 1466 .
2455 1487 2465 1497 '

0 1484 11 1506 *
36 1496 49 1501 “
223 1461 1025 1569 {iiiifffflefffflffffssfflssiss
1045 1456 1912 1571 {ifgusssseiiassiieffiffffiossb„Z‘Lassif'eis
1936 1457 2185 1571 iidivssflfissit‘.
2207 1472 2341 1498 vm
2368 1471 2454 1497 ‘³⁸⁸⁶

347 1580 425 1622 Diu
451 1580 693 1633 multumque
719 1594 744 1620 a
769 1581 865 1621 viris
891 1580 1014 1621 doctis
1040 1581 1277 1632 disputatum
1305 1586 1366 1621 est
1390 1583 1690 1632 praepositiones
1716 1586 1843 1622 utrum
1862 1583 2038 1632 primitus
2055 1583 2323 1621 adverbiorum
2340 1582 2466 1621 locum

225 1641 462 1700 obtinuerint
486 1655 620 1683 necne.
672 1642 782 1682 Nunc
809 1641 965 1694 quidem
991 1642 1236 1695 peritioribus
1261 1642 1417 1696 linguae
1444 1642 1599 1683 arbitris
1626 1655 1758 1684 omnes
1782 1641 1953 1695 scrupuli
1979 1643 2145 1695 exempti
2171 1647 2280 1684 sunt:
2316 1647 2468 1684 constat

223 1705 327 1744 enim
353 1706 656 1755 praepositiones
689 1704 959 1743 adverbiorum
971 1706 1009 1755 ⁴)
1044 1706 1167 1744 instar
1203 1710 1242 1743 et
1268 1705 1417 1755 pondus
1442 1705 1638 1745 habuisse.
1691 1706 1742 1744 Et
1767 1709 1858 1743 sunt
1884 1717 1979 1744 sane
2003 1706 2194 1756 permulta
2219 1706 2392 1757 exempla
2417 1718 2466 1746 ex

0 1764 12 1814 ὲ
223 1764 405 1807 omnibus
427 1765 678 1819 scriptoribus
691 1770 844 1818 praesto
860 1765 950 1807 huic
970 1765 1164 1809 doctrinae
1179 1766 1475 1819 suppeditantia.
1509 1766 1571 1808 Ex
1593 1766 1689 1807 libro
1714 1767 1761 1807 de
1779 1781 1853 1819 quo
1868 1768 2020 1819 agimus
2035 1767 2111 1808 huc
2129 1768 2270 1808 adferri
2283 1773 2464 1819 possunt:

0 1819 27 1874 ξ»,
43 1847 48 1854 2
351 1828 388 1880 1,
414 1828 468 1868 22
493 1829 664 1881 ,Servius
693 1828 886 1881 Sulpicius
912 1833 1028 1881 atque
1054 1829 1251 1880 Messalla,
1279 1841 1440 1881 quorum
1465 1829 1561 1870 alter
1586 1841 1655 1881 pro
1681 1829 1835 1870 Aufidia
1859 1829 1970 1880 dixit,
1997 1833 2130 1870 contra
2155 1829 2255 1870 dixit
2279 1828 2400 1871 alter‘.

0 1880 41 2047 ἱ
350 1892 386 1942 1,
415 1891 488 1931 101
517 1904 648 1943 ,supra
674 1905 790 1942 quam
817 1892 985 1931 enarrari
1010 1896 1140 1944 potest
1166 1892 1420 1945 eloquentem‘
1445 1891 1484 1932 h.
1512 1906 1544 1932 e.
1571 1893 1675 1933 Livii
1702 1892 2029 1943 ,inenarrabiliter
2057 1892 2165 1943 (XLI
2192 1892 2254 1943 15,
2279 1893 2335 1944 2).

0 2124 23 2154 ἴ.

13 1947 52 1996 2³.
350 1953 387 2004 1,
416 1954 491 2000 119
518 1965 632 2004 ,quae
659 1957 752 1993 sunt
778 1954 911 1993 extra‘.

348 2014 387 2065 3,
414 2014 466 2054 32
493 2014 778 2067 ,relinquendae
805 2020 939 2055 contra
964 2020 1078 2056 erunt
1101 2029 1249 2056 vacuae
1276 2016 1465 2057 tabellae‘.

0 2069 31 2121 ζ
350 2078 386 2128 7,
414 2079 440 2118 9
474 2081 571 2127 ,tum
596 2078 658 2127 iis,
693 2089 791 2128 quae
824 2076 926 2117 ultra
960 2077 1170 2129 spectanda
1204 2079 1319 2118 sunt‘.
1371 2078 1455 2118 Iam
1482 2078 1611 2118 Cicero
1638 2078 1744 2118 verr.
1770 2077 1809 2118 Π
1833 2077 1871 2130 5,
1905 2078 1958 2118 45
1983 2076 2118 2118 habet:
2155 2078 2287 2129 ,Estne
2320 2078 2466 2130 aliquid

223 2138 328 2180 ultra
354 2153 428 2191 quo
456 2138 634 2191 progredi
660 2138 866 2179 crudelitas
892 2141 1041 2191 possit‘.

63 2213 66 2218 ·
352 2202 388 2252 7,
416 2201 467 2241 16
493 2199 769 2252 ,Intendendus
797 2200 948 2240 animus
975 2206 1020 2241 ut
1045 2203 1080 2242 si
1105 2215 1173 2254 per
1199 2202 1371 2254 aliquam
1397 2206 1539 2242 rectam
1564 2203 1670 2242 viam
1695 2202 1895 2242 mittamus
1921 2202 2054 2243 oculos
2079 2201 2195 2243 simul
2222 2203 2351 2243 omnia
2368 2215 2467 2255 quae

0 2233 24 2317 ξε
225 2267 321 2304 sunt
345 2264 386 2304 in
414 2276 462 2304 ea
497 2264 670 2314 circaque
704 2263 923 2302 intuemur‘.
970 2264 1035 2304 cfr.
1062 2263 1138 2304 Cic.
1166 2264 1213 2304 de
1238 2264 1322 2305 Fin.
1349 2264 1388 2303 H
1413 2264 1475 2315 21,
1509 2265 1559 2305 68
1593 2264 1682 2315 ,Sed
1708 2269 1840 2304 tamen
1866 2269 1906 2304 et
1931 2266 1972 2304 in
1999 2278 2154 2316 corpore
2180 2270 2221 2305 et
2246 2269 2355 2304 extra
2381 2277 2466 2304 esse

0 2315 43 2378 {24
225 2324 417 2379 quaedam
443 2324 547 2365 bona
572 2336 625 2364 sc.
652 2323 797 2364 dicunt‘
811 2324 861 2377 ⁵).

358 2472 388 2512 ¹)
411 2470 662 2512 Schneidewini
683 2470 789 2505 editio
810 2470 1018 2505 Helmstadii
1039 2481 1070 2505 a.
1091 2472 1172 2506 1831
1194 2471 1286 2507 foras
1306 2472 1390 2507 data
1410 2475 1473 2513 est,
1495 2472 1629 2507 Alberti
1650 2473 1766 2506 antem
1787 2472 1881 2515 Lips.
1903 2483 1933 2508 a.
1956 2474 2047 2509 1858.

355 2524 387 2564 ³)
408 2523 564 2558 Bonnelli
586 2523 675 2557 liber
694 2524 838 2567 primum
859 2524 1002 2558 emissus
1024 2528 1079 2559 est
1099 2525 1209 2559 Berol.
1231 2535 1262 2559 a.
1286 2527 1377 2564 1851,
1400 2529 1559 2566 quartum
1580 2526 1672 2565 1873,
1693 2526 1864 2568 Rruegeri
1886 2525 2032 2567 primum
2054 2524 2146 2567 Lips.
2168 2525 2260 2559 1861.

358 2574 389 2619 ⁸)
412 2576 541 2610 Iterum
563 2576 766 2620 recognovit
794 2576 906 2620 patris
936 2576 1119 2612 editionem
1141 2577 1298 2620 Krueger
1327 2576 1420 2612 filius
1441 2587 1472 2612 a.
1495 2578 1577 2613 1874
1605 2577 1657 2612 ita
1685 2579 1726 2611 ut
1746 2577 1862 2612 Halmi
1890 2580 2010 2613 textus
2040 2577 2099 2619 qui
2120 2580 2263 2612 vocatur
2284 2576 2382 2619 quasi
2403 2586 2466 2620 pro

227 2627 451 2663 fundamento
471 2637 579 2662 novae
588 2671 591 2676 Ι
601 2628 765 2661 editionis
787 2631 888 2662 esset.

232 2726 234 2728 v
354 2679 389 2718 ⁴)
410 2677 469 2712 cfr.
491 2677 775 2713 Schoemannum:
805 2678 1007 2715 Redetheile
1027 2690 1062 2724 p.
1083 2681 1146 2715 138
1167 2690 1215 2723 sq.
1238 2679 1377 2724 egregie
1397 2683 1438 2715 ut
1459 2681 1590 2716 assolet
1617 2681 1659 2715 de
1680 2681 1818 2725 propr-la
1840 2683 1876 2716 et
1896 2679 2079 2724 principali
2099 2680 2387 2724 praepositionum
2406 2688 2467 2714 na-

226 2734 307 2765 tura
327 2731 562 2764 disserentem.

357 2784 387 2824 ⁸)
408 2782 469 2816 cfr.
489 2781 794 2830 Ellendt-Seyffert
815 2785 833 2824 5
854 2783 925 2825 192,
949 2783 978 2825 1,
1004 2782 1059 2818 cui
1082 2784 1172 2826 quod
1194 2784 1294 2819 dicit:
1325 2784 1433 2826 ‚Sonat
1453 2785 1533 2818 wir-d
1553 2786 1614 2819 dae
1636 2784 1758 2819 Nomen
1779 2786 1960 2819 wieder-holt
1981 2786 2032 2819 bei
2049 2784 2239 2827 unqlet'chem
2262 2782 2366 2817 Casus
2386 2795 2414 2818 s.
2430 2784 2467 2818 Β.

229 2837 365 2875 ,contra
385 2835 497 2868 omnin.
525 2837 561 2868 et
581 2844 642 2876 pro
665 2836 819 2870 omnibus
848 2836 1034 2879 disputare‘
1063 2847 1130 2871 non
1159 2838 1233 2871 sine
1263 2838 1378 2879 aliqua
1405 2837 1604 2880 exceptione
1632 2837 1876 2872 oboediendum
1906 2846 1981 2872 esse
2002 2836 2097 2871 locus
2119 2845 2162 2871 ex
2181 2834 2344 2871 Cicerone
2362 2843 2466 2880 supra

227 2884 366 2923 adlatus
386 2884 606 2923 manifestum
628 2885 723 2924 facit.
