2617 3295
0 963 24 994 ξ’
0 555 43 877 *3³35sz

152 236 156 239 ἱ
184 227 229 304 11,
244 250 298 294 16
317 262 408 302 ,11011
425 249 605 289 ultimum
621 226 777 288 tantum
793 249 982 299 videmus,
1009 250 1079 290 sed
1096 263 1217 303 usque
1235 250 1284 290 ad
1302 251 1504 290 ultimum‘.
1543 250 1714 290 Primum
1731 262 1889 290 necesse
1906 254 1966 290 est
1981 263 2054 290 nos
2075 213 2442 295 animadvertamus·

190 313 251 367 ad
274 312 600 366 praepositionem
624 309 687 350 his
713 309 810 350 locis
835 324 926 351 vere
953 311 1160 352 locativam
1187 313 1506 365 significationem
1531 311 1676 352 habere
1692 311 1807 363 longe
1824 311 2083 352 discedentem
2108 325 2134 351 a
2158 313 2263 352 trito
2273 311 2341 351 illo
2366 311 2438 370 ad

187 374 420 424 ultimum,
447 372 550 424 quod
573 373 775 424 temporali
792 385 909 413 sensu
926 373 1003 412 iam
1022 386 1046 412 a
1061 373 1175 414 Livio
1195 374 1355 427 aliisque
1382 374 1584 415 adhibetur
1597 374 1646 426 ²).
1682 374 1758 416 Sed
1774 373 1848 415 1106
1864 373 2030 414 fortasse
2046 372 2204 414 levioris
2221 362 2424 414 momenti:

188 439 318 480 mains
343 440 403 476 est
427 435 530 487 quod
556 434 782 475 ultimum
813 436 1045 476 adiectin
1071 436 1245 476 neutrale
1270 437 1505 477 substantivi
1531 438 1682 489 pondus
1709 442 1748 478 et
1772 439 1896 477 instar
1921 435 2050 487 habet,
2082 448 2173 475 nam
2199 437 2312 477 certis
2339 438 2425 490 qui-

189 500 355 543 busdam
384 497 529 539 finibus
564 496 627 538 hic
664 497 844 539 adjectivi
878 512 972 539 usus
1004 512 1028 538 a
1059 499 1230 552 probatis
1256 499 1506 551 scriptoribus
1540 501 1846 552 circumscriptus
1879 504 1950 540 est.
1977 522 2030 529 -
2066 497 2142 540 Sed
2168 499 2352 551 quoniam
2377 498 2428 540 ad

188 563 293 607 hunc
316 561 445 602 locum
469 562 573 611 veni,
606 559 712 600 haud
747 561 795 600 ab
831 574 872 600 re
910 560 1005 600 mihi
1030 562 1184 601 videtur
1219 574 1303 601 esse
1330 575 1378 601 ex
1405 562 1632 611 Quintiliani
1665 562 1763 602 libro
1791 562 1937 602 decimo
1965 575 2013 601 ea
2038 561 2205 611 adferre,
2241 573 2341 611 quae
2376 561 2427 600 ad

188 624 291 666 hunc
315 636 434 663 usum
460 622 731 662 illustrandum
758 622 901 663 valent.
942 623 1167 663 Tenendum
1186 623 1339 675 quidem
1357 628 1417 663 est
1434 625 1714 664 nominativum
1732 628 1772 663 et
1788 625 2052 663 accusativum
2071 621 2223 674 qualem
2240 621 2430 662 habemus

188 689 231 729 in
255 684 431 737 exemplo
458 685 573 725 modo
609 685 724 724 citato
759 685 988 736 saepissime
1021 686 1202 735 inveniri,
1238 685 1276 724 id
1303 686 1406 736 quod
1433 687 1549 725 etiam
1576 685 1792 738 Draegerus
1818 685 1921 725 Hist.
1952 684 2061 735 Synt.
2088 684 2112 732 ἓ
2138 683 2190 723 20
2216 683 2429 724 confirmat.

187 749 323 802 Pergit
348 751 478 788 autem
503 746 568 786 ille
596 746 621 794 ἓ
638 747 709 786 21:
737 749 825 796 ,Die
850 750 1015 795 abriyen
1035 751 1171 798 Casus,
1198 762 1250 787 an
1276 754 1403 787 denen
1431 754 1503 787 das
1527 753 1711 788 neutrale
1731 751 1957 787 (sesemet-ht
1983 760 2063 786 mar
2093 750 2219 785 durch
2249 751 2324 784 den
2344 749 2429 785 Zu-

188 814 468 856 oemenhanq
492 821 546 847 zu
572 813 770 847 erkennen
794 811 859 859 ist,
886 815 1048 848 werden
1074 815 1231 849 seleen
1254 812 1489 859 gebraucht‘.
1542 810 1628 850 Huc
1655 814 1831 862 spectant
1856 824 1903 850 ex
1928 810 2038 859 libro,
2066 809 2113 848 de
2139 822 2214 860 quo
2241 809 2404 860 agimus,

316 886 354 912 a..
391 869 562 911 Ablativi
588 870 734 909 formae
760 870 853 910 hae:

316 934 352 983 1,
379 933 430 973 86
456 935 657 983 ‚quantum
685 933 1013 972 eminentibus
1040 933 1111 984 (sc.
1130 934 1303 986 Homeri)
1331 935 1532 983 vincimur,
1559 934 1724 974 fortasse
1751 934 1987 986 aequalitate
2014 932 2084 984 (sc.
2105 931 2265 984 Vergili)
2291 944 2430 983 pensa-

189 997 303 1038 mus‘.
345 993 462 1034 Haud
487 994 615 1046 inepte
641 1007 713 1034 nos
741 993 914 1046 relegant
939 996 1169 1046 interpretes
1197 996 1245 1036 ad
1269 996 1363 1036 Hor.
1392 1011 1426 1036 a.
1452 1011 1490 1048 p.
1517 1010 1555 1036 v.
1576 997 1668 1036 144:
1697 998 1854 1048 ‚cogitat
1879 1001 1923 1036 ut
1948 997 2124 1048 speciosa
2150 994 2287 1033 dehine
2313 994 2429 1033 mii-a-

189 1059 278 1102 cula
302 1056 479 1111 promat‘,
505 1055 710 1096 vernacule
735 1058 1062 1107 ,olumnam-tien<

316 1122 353 1170 1,
379 1120 430 1159 66
463 1119 696 1170 ,tragoedias
730 1121 878 1170 primus
910 1121 951 1157 in
984 1120 1110 1158 lucem
1136 1120 1347 1169 Aeschylus
1382 1121 1559 1172 protulit,
1594 1121 1787 1171 sublimis,
1824 1120 1892 1160 sed
1924 1120 2030 1158 rudis
2057 1120 2101 1158 in
2128 1119 2364 1170 plerisque
2390 1122 2430 1156 et

188 1181 492 1235 incompositus‘.
545 1180 765 1233 Kruegerus
799 1195 886 1221 cum
911 1186 1042 1222 vertat
1068 1185 1353 1231 ,meistenmeits
1381 1189 1479 1223 oder
1504 1187 1547 1222 in
1572 1188 1664 1222 sehr
1690 1187 1814 1222 vielen
1841 1183 2027 1222 sestclcen‘
2061 1181 2286 1221 addubitare
2317 1174 2444 1220 vide?

188 1250 253 1287 tui·
276 1267 329 1291 ,—
356 1244 390 1283 si
415 1247 516 1282 recte
550 1244 625 1281 viri
650 1244 865 1283 acutissimi
889 1248 1060 1283 mentem
1086 1246 1261 1296 percipio,
1294 1249 1423 1285 utrum
1451 1245 1498 1285 de
1524 1249 1658 1285 neutro
1692 1245 1873 1285 adiectivi
1899 1244 2002 1284 nude
2027 1244 2153 1295 posito
2181 1241 2428 1295 cogitandum

188 1309 242 1348 sit
267 1320 318 1346 an
345 1306 392 1344 de
419 1304 621 1354 adiectivo,
650 1305 752 1356 quod
780 1306 911 1345 referri
938 1306 1077 1345 debeat
1103 1307 1153 1345 ad
1180 1307 1466 1346 antecedentem
1492 1320 1627 1347 vocem
1653 1307 1910 1359 ,tragoedias‘.
1962 1306 2037 1345 Sed
2064 1307 2142 1345 iam
2167 1306 2209 1343 in
2236 1304 2427 1344 Ciceronis

187 1368 323 1410 Laelio
348 1367 516 1419 legimus
541 1367 605 1417 IV,
625 1367 673 1407 13
701 1371 759 1417 ,111
784 1368 825 1406 111
849 1367 1067 1419 plerisque‘,
1095 1369 1197 1420 quod
1223 1370 1305 1408 sine
1330 1369 1411 1408 ulla
1437 1369 1676 1408 dubitatione
1702 1382 1768 1420 pro
1796 1374 1931 1408 neutro
1958 1367 2176 1407 habendum
2204 1370 2264 1405 est
2289 1366 2355 1405 cfr.
2372 1365 2426 1404 M.

187 1431 418 1481 Seyffertum
448 1429 489 1467 in
516 1428 576 1467 ed.
602 1441 638 1479 p.
666 1430 718 1470 69
751 1433 871 1479 ,Να611
909 1434 982 1468 der
1010 1434 1257 1469 Gewohnheit
1285 1433 1455 1470 Cicero’s
1482 1436 1693 1470 erwarteee
1726 1443 1818 1469 man
1856 1432 2069 1477 alterdinqs
2100 1429 2148 1467 in
2180 1427 2426 1480 plerisque

187 1493 359 1542 rebus,
386 1493 460 1529 wie
486 1503 533 1529 er
560 1497 668 1529 sonet
693 1494 930 1539 yewohnlich
963 1493 1190 1533 omnibus
1216 1493 1360 1533 rebus
1395 1496 1451 1543 ‚in
1478 1496 1596 1539 jeder
1623 1494 1815 1531 Himicht‘
1849 1498 1945 1543 aaut,
1981 1494 2100 1531 allein
2136 1494 2197 1529 die
2225 1494 2340 1537 Reyel
2374 1492 2427 1528 ist

186 1559 296 1595 nicht
329 1558 427 1593 ohne
459 1555 680 1591 Aumahme
712 1556 754 1592 in
787 1558 862 1592 den
895 1558 1058 1604 Fauen,
1094 1569 1162 1593 wo
1199 1559 1300 1593 eine
1336 1559 1669 1603 Befstrchtuny
1705 1559 1790 1593 der
1822 1555 2242 1601 zweideutiqlceit
2275 1565 2424 1599 unqe-

185 1620 392 1668 9rnndet
418 1615 514 1654 ist‘.

312 1678 349 1728 3,
376 1676 402 1717 5
430 1689 672 1728 ,quaeramus
699 1678 845 1728 optima
869 1690 939 1717 1166
964 1679 1140 1729 protinus
1168 1678 1411 1717 offerentibus
1439 1691 1480 1717 se
1507 1678 1771 1730 gaudeamus‘.

311 1740 349 1790 5,
376 1740 402 1780 3
429 1738 621 1788 ‚omnibus
647 1739 750 1778 enim
776 1739 920 1779 utimur
945 1740 1113 1779 nostris‘.
1155 1740 1329 1790 ,Nostris‘
1355 1741 1615 1792 praedicative
1643 1741 1787 1780 dictum
1815 1744 1874 1779 est
1898 1744 1942 1779 ut
1959 1740 2061 1779 idem
2079 1739 2209 1780 valeat
2234 1742 2350 1790 atque
2370 1741 2427 1788 ,ut

187 1803 358 1844 nostris‘.
410 1800 447 1851 5,
471 1800 498 1841 5
523 1801 693 1853 ‚optimis
720 1802 940 1853 occupatis‘.
990 1804 1025 1853 7,
1053 1804 1078 1843 6
1114 1816 1214 1849 ,cum
1240 1802 1352 1842 stilus
1380 1808 1526 1843 secreto
1554 1803 1744 1855 gaudeat‘.
1789 1802 1876 1842 Huc
1907 1803 2093 1842 accedunt
2119 1814 2188 1842 eae
2212 1801 2428 1841 locutiones

190 1879 287 1918 quas
314 1864 699 1903 commemoravimus
727 1876 813 1902 cum
832 1864 878 1903 de
896 1865 936 1903 in
955 1878 985 1905 6.
1004 1865 1090 1905 Abl.
1110 1865 1382 1904 dissereremus
1400 1865 1508 1905 velut
1526 1867 1578 1915 ,in
1597 1865 1798 1917 expedito‘.
1837 1864 1943 1904 Alias
1962 1865 2033 1904 sub
2053 1876 2079 1904 a
2097 1869 2137 1904 et
2153 1874 2211 1905 ex
2227 1862 2402 1902 habebis.

312 1927 351 1967 b.
390 1925 449 1966 De
475 1925 618 1966 Dativo
646 1925 816 1979 Draeger
840 1940 877 1979 p.
904 1928 953 1967 41
982 1927 1078 1968 haec
1104 1927 1237 1967 habet:
1263 1932 1500 1979 ,Besondere
1527 1933 1649 1967 senen
1676 1930 1726 1967 ist
1754 1932 1826 1966 der
1846 1931 1975 1979 Datin),
2004 1933 2077 1967 der
2104 1930 2163 1967 bei
2191 1929 2329 1968 Cicero
2357 1926 2436 1973 aur

191 1994 254 2031 die
279 1995 404 2029 Form
432 1989 659 2028 omnibus
688 1993 923 2028 beschrdnlcc
947 2004 1000 2029 zu
1026 1994 1110 2029 sein
1137 1992 1306 2030 scheint‘.
1360 1991 1418 2030 Ex
1444 1991 1539 2030 libro
1567 1991 1715 2030 decimo
1741 1996 1893 2041 praesto
1922 1995 2030 2030 sunt:

315 2052 350 2103 1,
387 2051 439 2092 63
472 2050 554 2102 ,sed
589 2054 630 2090 et
662 2049 756 2091 lusit
791 2050 861 2104 (sc.
887 2051 1067 2107 Alcaeus)
1103 2056 1144 2092 et
1176 2052 1216 2092 in
1248 2065 1397 2092 amores
1432 2052 1646 2103 descendit,
1681 2053 1946 2094 maioribus
1979 2057 2110 2093 tamen
2137 2051 2286 2104 aptior‘.
2326 2048 2365 2090 h.
2392 2061 2427 2090 e.

188 2119 384 2167 ,dennoch
409 2118 482 2161 rnr
508 2117 749 2151 erhabenere
773 2117 899 2163 Sloffe
925 2120 1037 2153 mehr
1062 2116 1304 2163 yeschaffen‘.

312 2177 350 2225 3,
376 2177 403 2216 5
430 2175 671 2225 ,adhibeatur
699 2175 881 2215 iudicium
908 2177 1090 2226 inventis,
1119 2177 1321 2227 dispositio
1348 2176 1543 2227 probatis‘.

315 2238 352 2289 3,
379 2239 405 2278 6
432 2238 501 2287 ,sie
526 2236 666 2276 melius
692 2237 904 2289 iunguntur
929 2238 1121 2290 pn’oribus
1134 2237 1173 2291 2)
1202 2239 1426 2291 sequentia‘.

315 2301 354 2351 5,
383 2300 429 2340 11
467 2299 574 2350 ,illud
609 2300 767 2339 virtutis
801 2299 983 2339 indicium
1020 2306 1080 2340 est
1111 2300 1350 2351 voluptatem
1383 2302 1567 2351 expositis
1595 2301 1685 2340 dare
1712 2306 1750 2340 et
1776 2301 1873 2340 bene
1899 2301 2023 2340 dicere
2049 2297 2172 2339 multa
2197 2299 2245 2338 de
2270 2298 2429 2349 paucis‘.

191 2362 377 2415 Spalding
403 2360 454 2401 ad
480 2361 520 2400 H
545 2360 583 2410 5,
609 2361 661 2400 29
687 2360 897 2412 ,Expositis
924 2365 1067 2412 noster,
1095 2362 1230 2413 inquit,
1261 2360 1417 2402 videtur
1444 2362 1566 2401 dicere
1593 2375 1661 2414 pro
1690 2362 1968 2413 communibus,
1995 2362 2113 2413 vulgo
2140 2361 2270 2400 notis‘.
2314 2359 2349 2409 7,
2377 2358 2429 2398 30

191 2423 436 2475 ,Plerumque
463 2427 595 2462 autem
620 2421 744 2460 multa
768 2422 974 2474 agentibus
1000 2422 1151 2473 accidit,
1178 2427 1222 2462 ut
1248 2424 1427 2463 subitis
1454 2437 1500 2463 ex
1527 2428 1695 2477 tempore
1716 2429 1924 2464 occurrant.
1963 2423 2002 2463 h.
2025 2436 2058 2464 6.
2078 2424 2326 2471 mamuchan,
2353 2431 2430 2459 un-

189 2488 547 2533 vorherqesehenen
573 2486 926 2532 Anforderunyen‘.

315 2560 347 2588 6.
389 2546 558 2588 Genitivi
583 2545 680 2586 haec
707 2546 882 2599 exempla
906 2547 985 2587 iam
1011 2560 1036 2587 a
1060 2547 1253 2600 Draegero
1280 2546 1412 2588 adlata
1438 2552 1547 2588 sunt:

321 2705 351 2745 ¹)
373 2705 427 2739 Ex
449 2703 608 2737 Cicerone
630 2703 696 2736 huc
717 2702 839 2736 referri
862 2702 959 2737 licet:
983 2704 1026 2737 ad
1049 2706 1248 2744 extremum,
1270 2704 1306 2738 in
1328 2706 1487 2737 extremo.
1906 2745 1909 2748 ,

319 2758 349 2797 ¹)
369 2756 421 2789 De
443 2754 608 2797 iungendi
629 2754 732 2789 verbo
754 2763 830 2787 cum
851 2754 977 2788 Dativo
1001 2759 1195 2789 constructo
1217 2756 1277 2789 cfr.
1299 2756 1455 2798 Draeger
1478 2756 1568 2788 Hist.
1591 2755 1685 2798 Synt.
1707 2766 1739 2799 p.
1762 2758 1840 2791 393:
1868 2757 1991 2796 ‚Dm-ch
2020 2757 2079 2789 den
2102 2756 2244 2799 Emflues
2266 2754 2324 2785 der
2346 2754 2431 2785 εὐιπ-

188 2809 393 2842 mandre„
429 2808 532 2840 Verba
561 2809 735 2850 composita
762 2808 887 2839 erkla’rt
914 2808 983 2840 siclt
1011 2809 1069 2840 der
1091 2809 1190 2840 Datt'v
1219 2809 1269 2840 bei
1293 2809 1454 2850 et'nfachen
1484 2808 1610 2846 Verbis,
1641 2809 1690 2841 die
1718 2812 1785 2841 eine
1822 2809 2027 2850 Veret’niyunq
2055 2807 2121 2839 und
2156 2806 2354 2846 Verbindunq
2382 2804 2431 2836 bo·

189 2860 342 2895 sciebam.
385 2859 526 2900 Junyere
548 2864 625 2891 sem
648 2858 712 2891 Cic.
734 2858 814 2893 nach
839 2859 982 2892 Beloe'eben
1005 2861 1059 2891 mit
1081 2868 1171 2893 cum
1192 2860 1257 2892 und
1278 2858 1347 2899 ad,
1378 2859 1438 2891 das
1462 2860 1671 2900 Participe'um
1692 2859 1831 2894 iunctus
1852 2860 1932 2892 auch
1954 2862 2007 2891 mit
2031 2858 2105 2891 Dat.
2128 2858 2177 2890 od.
2201 2857 2282 2889 abl:
