2617 3295
1299 80 1364 128 19

173 212 276 259 sed
300 213 375 257 hoc
401 216 481 257 scio
506 215 751 267 propitius
785 216 825 254 et
849 225 875 254 a
900 226 1017 254 sensu
1043 216 1083 254 et
1114 225 1142 253 a
1162 211 1377 254 litterarum
1401 215 1699 266 permutatione
1708 213 1782 255 hoc
1817 214 1864 254 de
1890 226 1966 267 quo
2001 215 2131 267 agitur
2162 212 2248 255 loeo
2277 216 2451 257 maximo

206 277 477 328 commendari,
492 277 529 330 1)
557 288 788 329 quamquam
814 275 917 315 idem
943 288 1015 328 ego
1042 275 1134 323 scio,
1161 275 1255 327 quid
1280 276 1363 315 iure
1388 280 1522 315 contra
1548 275 1623 315 dici
1648 277 1786 328 possit.

326 340 362 389 1,
389 340 441 380 94
470 344 573 390 ‚sunt
598 339 689 378 clari
714 338 953 390 hodieque
986 342 1025 377 et
1050 338 1116 390 qui
1149 337 1241 376 olim
1266 337 1591 378 nominabuntur‘.
1644 338 1740 378 Cum
1773 337 1846 378 hoc
1877 338 1956 379 uno
1982 343 2134 380 tantum
2165 338 2250 380 1000
2276 338 2448 381 hodie--

199 415 288 454 que
314 401 416 452 apud
444 401 724 450 Quintilianum
751 401 984 450 inveniatur,
1010 399 1235 439 Bonnellius
1266 413 1358 451 que
1383 413 1469 439 cum
1503 405 1550 439 et
1583 400 1804 452 copulatum
1835 401 1933 440 vult.
1985 401 2206 454 Kruegerus
2230 414 2311 442 non
2335 402 2443 443 oblo-

198 465 330 516 quitur
356 463 523 515 quidem,
552 463 620 502 sed
646 475 724 502 non
749 460 952 502 abhorrere
978 474 1020 501 80
1047 461 1140 501 (11011
1166 462 1215 501 ab
1243 475 1290 502 ea
1315 463 1641 514 interpretatione,
1668 477 1746 515 qua
1770 463 2020 514 hodieque
2045 464 2179 503 eodem
2197 476 2318 505 sensu
2342 466 2443 505 neei-

197 527 301 577 pitur
326 529 443 575 atque
470 529 648 564 nostrum
672 528 786 573 ,noch
811 525 1065 570 hentzutaye‘.
1118 523 1215 562 Mihi
1249 523 1323 563 hoc
1357 525 1490 574 utique
1522 537 1657 562 verum
1689 525 1842 564 videtur
1876 538 1975 574 esse,
2011 526 2045 564 si
2079 526 2231 576 quidem
2255 525 2446 566 Krebeiun

199 586 495 638 (Antibalbarus
525 586 625 625 1876
650 598 689 636 p.
715 585 804 625 523.
830 585 924 637 524)
957 590 1058 625 lecte
1085 598 1157 625 nos
1184 585 1294 625 docet
1320 584 1392 625 hoc
1416 585 1647 625 vocabulum
1672 587 1837 637 primum
1867 600 1894 625 a
1919 585 2066 626 Velleio
2101 591 2284 626 novatum
2310 592 2443 639 poste-

198 648 361 689 rioribus
387 647 503 688 valde
528 647 729 700 placuisse.
2447 670 2449 673 -

322 710 431 760 Quod
459 710 641 750 exhibent
667 709 815 750 codices
844 711 878 760 1,
899 710 972 750 107
1002 710 1056 760 ,in
1082 708 1259 761 epistulis
1286 710 1449 761 quidem,
1479 722 1711 761 quamquam
1737 714 1827 750 sunt
1844 711 2060 762 utriusque,
2088 710 2311 763 dialogism,
2339 713 2441 764 qui-

197 774 284 814 bus
311 773 438 813 nihil
465 773 574 824 ille,
605 772 715 813 nulla
742 773 935 812 contentio
964 773 1047 822 est‘,
1075 770 1320 824 Spaldingius
1345 777 1543 823 praestare
1569 772 1719 812 dubitat
1745 777 1956 824 propterea,
1992 772 2095 824 quod
2123 773 2306 825 exemplis
2333 776 2441 814 simi-

197 836 299 877 libus
325 835 559 888 praesidium
585 834 674 874 huic
700 834 825 887 ellipsi
850 835 977 887 parari
1002 847 1081 874 non
1105 835 1240 885 possit.
1300 834 1405 875 Haec
1432 839 1514 874 erat
1539 847 1667 884 causa,
1697 848 1762 874 cur
1787 835 1872 887 ipse
1899 836 2076 886 quamvis
2103 835 2325 876 dubitanter
2351 850 2441 877 sua-

199 899 308 938 deret
335 897 597 937 scribendum:
637 898 689 946 ,in
718 898 858 948 quibus
884 896 981 935 nihil
1005 896 1096 946 ille‘,
1122 895 1187 934 vel
1215 896 1365 946 ,quibus
1392 895 1490 935 nihil
1516 896 1640 935 simile
1670 896 1761 936 ille‘.
1812 897 1938 936 Verba
1965 899 2047 936 eius
2075 897 2171 937 haec
2197 895 2308 938 sunt:
2341 899 2439 949 ‚Sal-

198 965 278 1000 tem
309 961 361 999 in
395 960 564 999 inseram
596 962 687 998 ante
720 959 949 1010 quibus‘,
975 961 1020 997 ut
1046 957 1299 998 subaudiatur
1330 958 1520 1008 effecit,
1553 958 1774 1009 protulit.
1834 959 1917 997 Nisi
1953 958 2050 998 forte
2083 959 2242 1000 simile
2273 973 2440 1012 reponas

197 1026 288 1061 ante
313 1021 433 1060 ille‘.
484 1020 664 1060 Halmius
689 1019 795 1059 haud
822 1024 1045 1060 cunctanter
1071 1020 1244 1071 reposuit
1269 1021 1316 1058 in
1343 1020 1530 1070 quibus,
1559 1020 1662 1071 quod
1688 1021 1874 1060 audacius
1900 1034 2014 1071 quam
2032 1024 2164 1061 verius
2182 1022 2327 1062 factum
2351 1036 2439 1063 esse

196 1089 302 1137 puto.
342 1085 428 1124 Non
453 1096 551 1135 nego
578 1081 651 1122 hoc
677 1083 724 1122 in
752 1082 923 1122 excidere
948 1082 1121 1134 potuisse
1146 1081 1306 1133 proclivi
1332 1081 1572 1122 librariorum
1591 1096 1725 1133 errore,
1754 1082 1822 1122 sed
1841 1082 2019 1123 debuisse
2038 1084 2209 1124 excidere
2234 1083 2307 1124 hoc
2324 1085 2439 1137 plane

196 1160 308 1198 nego.
369 1146 469 1194 Quid
494 1158 566 1184 nos
592 1145 751 1195 impedit
777 1146 980 1195 quominus
1006 1144 1167 1183 verbum
1192 1143 1437 1194 generalioris
1464 1146 1632 1183 notionis
1659 1147 1845 1184 omissum
1872 1158 2089 1195 sumamus,
2121 1146 2172 1184 ad
2198 1147 2302 1198 quod
2328 1147 2436 1187 abla-

197 1210 305 1249 tivus
333 1207 511 1260 quibus
539 1207 643 1246 trahi
668 1205 780 1246 facile
806 1207 958 1258 possit?
1012 1205 1113 1254 Quid
1145 1205 1247 1257 quod
1282 1205 1368 1245 aliis
1402 1219 1553 1258 quoque
1585 1206 1678 1246 locis
1704 1207 1849 1246 Fabius
1883 1206 2020 1246 talium
2046 1208 2249 1247 verborum
2286 1208 2439 1261 ellipsin

194 1272 352 1310 minime
378 1269 551 1309 horruit?
600 1269 665 1308 cfr.
692 1270 729 1319 2,
757 1270 808 1308 24
841 1268 966 1320 ,longe
997 1268 1296 1319 perfectissimus
1323 1268 1551 1308 Graecorum
1577 1268 1867 1319 Demosthenes,
1904 1269 2050 1320 aliquid
2082 1275 2211 1310 tamen
2238 1270 2370 1324 aliquo
2396 1272 2437 1312 10

195 1332 279 1373 1000
306 1332 384 1382 0111,
411 1331 575 1383 plurima
601 1330 690 1370 ille‘.
743 1330 885 1382 Supple
911 1331 1126 1382 ,praestitit‘
1153 1330 1217 1369 vel
1243 1335 1481 1381 ,consecutus
1509 1333 1598 1370 est‘:
1625 1332 1703 1371 iam
1729 1333 1859 1371 omnia
1884 1331 2001 1383 plana
2027 1336 2118 1371 sunt
2127 1333 2179 1385 ²).

320 1395 357 1445 2,
385 1395 436 1433 28
473 1395 551 1444 ,qui
581 1395 733 1445 propria
766 1393 828 1432 his
859 1394 962 1432 bona
994 1393 1186 1441 adiecerit,
1220 1394 1254 1431 is
1289 1395 1360 1432 erit
1393 1406 1506 1444 quem
1542 1395 1759 1445 quaerimus
1793 1393 2039 1445 perfectus
2075 1399 2263 1445 orator,
2299 1409 2436 1447 quem

196 1470 327 1498 011110
360 1456 684 1496 consummari
720 1456 1028 1508 potissimum
1055 1455 1345 1507 oportebat‘.
1408 1455 1455 1495 In
1482 1457 1619 1496 miram
1650 1455 1924 1508 interpretandi
1950 1458 2138 1496 rationem
2164 1456 2346 1509 delapsus
2376 1462 2438 1499 est

195 1521 427 1572 Kruegerus,
456 1532 541 1558 cum
567 1519 708 1558 diceret
732 1532 857 1570 ,quem
884 1516 1154 1570 consummari]
1182 1518 1390 1569 perfectum
1418 1522 1607 1557 oratorem
1634 1532 1898 1558 consummare
1923 1518 1959 1558 d.
1987 1520 2013 1558 i.
2042 1524 2233 1558 oratorem
2259 1532 2437 1560 consum·

195 1595 302 1623 mare
328 1583 401 1631 ita,
432 1587 477 1620 ut
502 1580 692 1632 perfectus
717 1581 799 1621 fiat.
864 1586 958 1631 ,Das
983 1583 1176 1619 Prddicat
1202 1584 1304 1619 steht
1328 1583 1582 1630 proleptae'sch,
1615 1584 1794 1628 insofern
1821 1594 1860 1619 es
1887 1587 1967 1620 ersi
1995 1584 2038 1619 in
2064 1586 2183 1629 Folye
2209 1587 2282 1620 der
2310 1586 2437 1622 durch

197 1650 269 1685 (las
304 1648 470 1682 Verbum
503 1648 816 1690 ausyedrackten
846 1648 1055 1691 Handluny
1089 1647 1149 1681 als
1176 1646 1366 1681 Prddicat
1398 1645 1575 1682 cintritt‘.
1642 1643 1725 1682 Hoc
1750 1643 1922 1694 pluribus
1948 1643 2108 1682 refutari
2133 1645 2201 1682 vix
2228 1656 2325 1696 opus
2351 1646 2435 1685 erit.

196 1708 310 1747 Errat
327 1706 558 1757 Kruegerus,
586 1705 687 1756 quod
715 1718 847 1757 quem
872 1705 1077 1745 relativum
1104 1704 1154 1743 ad
1180 1705 1449 1756 perfectum
1476 1709 1710 1744 oratorem
1737 1705 1869 1755 trahit,
1898 1718 1983 1745 cum
2010 1706 2060 1744 ad
2079 1710 2320 1745 oratorem
2347 1712 2434 1747 tan-

196 1775 280 1811 tum
312 1772 468 1821 spectet.
520 1767 653 1807 Potuit
688 1780 767 1807 non
799 1769 926 1808 minus
960 1772 1061 1808 recte
1088 1767 1163 1807 dici
1196 1781 1221 1807 a
1254 1767 1489 1816 Quintiliano
1524 1781 1657 1819 ‚quem
1695 1780 1797 1807 nunc
1832 1768 2041 1819 perfectum
2073 1766 2157 1806 fieri
2189 1769 2433 1820 potissimum

198 1832 424 1885 oportebat‘.
479 1830 639 1870 Constat
665 1830 817 1881 quidem
843 1830 944 1870 hanc
969 1831 1174 1870 verborum
1201 1832 1513 1882 compositionem
1547 1835 1591 1870 ut
1616 1830 1887 1882 perfectum
1915 1830 2057 1870 diceret
2084 1835 2331 1871 oratorem
2357 1831 2446 1872 Fa-.

197 1895 261 1934 bio
296 1893 504 1934 admodum
538 1892 730 1945 placuisse
768 1892 851 1944 (cfr.
879 1893 916 1942 2,
944 1895 969 1933 9
1005 1892 1206 1944 ‚quomodo
1240 1905 1389 1943 sperare
1421 1906 1625 1944 possumus
1653 1892 1763 1931 illum
1796 1892 2006 1944 perfectum
2040 1893 2270 1944 oratorem‘),
2304 1898 2433 1934 tamen

197 1971 276 1997 non
302 1958 359 1996 ita
384 1957 425 1995 in
450 1969 568 1995 unam
594 1956 789 1995 notionem
815 1954 1049 2004 coaluerunt,
1076 1958 1120 1992 ut
1146 1956 1314 2006 separari
1340 1968 1495 2005 prorsus
1521 1959 1724 2006 nequeant.

322 2019 359 2068 3,
378 2018 429 2057 22
457 2017 739 2069 ,relinquendae
757 2018 797 2056 in
816 2016 999 2056 utrolibet
1015 2028 1153 2067 genere
1172 2020 1305 2055 contra
1323 2022 1432 2056 erunt
1448 2030 1596 2057 vacuae
1614 2016 1791 2067 tabellae,
1818 2019 1858 2056 in
1883 2016 2022 2068 quibus
2040 2016 2160 2056 libera
2178 2016 2430 2058 adiciendo

199 2083 252 2122 sit
269 2080 467 2121 excursio‘.
514 2079 617 2120 Nihil
635 2079 721 2119 dico
741 2080 787 2119 de
805 2079 985 2119 Bursiani
1003 2079 1221 2117 coniectura
1240 2079 1488 2119 adiciendo
1506 2094 1573 2132 pro
1594 2093 1638 2119 eo
1664 2080 1766 2132 quod
1783 2080 1822 2118 in
1841 2079 2035 2118 codicibus
2054 2084 2125 2129 est,
2153 2079 2430 2130 adicienda‘,

198 2157 290 2185 nam
314 2144 447 2195 peritis
475 2155 517 2182 80
543 2143 628 2194 ipsa
653 2141 841 2193 probabit.
885 2140 985 2180 Illud
1003 2153 1156 2192 quaem,
1183 2141 1275 2192 quid
1292 2141 1529 2193 Kruegerum
1556 2143 1818 2191 commoverit,
1846 2146 1890 2180 ut
1917 2140 2138 2191 ‚adiciendo‘
2157 2144 2227 2187 far
2245 2146 2317 2180 das
2332 2145 2431 2180 Hin-

198 2207 481 2254 zuzufo‘tyende‘
508 2208 756 2244 converteret.
815 2203 937 2242 Immo
965 2203 999 2241 si
1029 2202 1119 2253 quid
1145 2203 1271 2254 video,
1298 2217 1454 2244 necesse
1494 2209 1554 2244 est
1584 2218 1655 2244 nos
1682 2205 1990 2255 interpretemur:
2027 2206 2108 2252 ,far
2136 2207 2207 2242 das
2233 2206 2431 2252 Hinzut'sc-

197 2271 293 2318 oen‘.
336 2267 401 2308 cfr.
422 2268 530 2318 ΧΙ2,
551 2266 602 2307 35
637 2266 745 2318 ,illud
773 2265 975 2305 ediscendo
1003 2265 1280 2319 scribendoque
1307 2280 1506 2307 commune
1535 2270 1620 2307 est‘.
1674 2267 1719 2307 In
1747 2268 1802 2306 eis
1837 2279 1935 2318 quae
1970 2265 2096 2317 paullo
2124 2270 2213 2316 post
2239 2272 2432 2317 secuntur,

327 2383 356 2422 ¹)
378 2381 428 2414 Ac
449 2389 491 2413 ne
513 2379 590 2421 quis
611 2379 648 2413 in
669 2379 745 2421 ipsa
765 2378 989 2421 comparativi
1011 2379 1126 2412 forma
1148 2379 1313 2413 offendat:
1335 2384 1454 2414 notum
1478 2383 1531 2414 est
1547 2383 1732 2422 argenteae
1751 2378 1875 2413 aetatis
1898 2378 2081 2419 scriptores
2096 2378 2132 2411 in
2147 2378 2311 2413 eiusmodi
2332 2381 2434 2414 rebus

131 2427 136 2429 ”
199 2432 266 2466 sibi
286 2433 364 2475 plns
386 2441 487 2474 qusm
508 2440 571 2472 par
593 2434 671 2464 erat
691 2431 885 2464 indulsisse.
918 2431 1096 2473 Reisig-ius
1118 2433 1140 2466 1.
1163 2442 1190 2465 0.
1213 2433 1327 2465 adfert
1347 2432 1531 2467 inusitatos
1555 2432 1801 2474 comparativos
1821 2441 1838 2463 e
1847 2440 1871 2471 g
1878 2439 1894 2462 r
1903 2439 1921 2462 e
1929 2430 2005 2470 giu
2014 2440 2030 2462 8
2040 2455 2047 2469 ,
2070 2430 2082 2462 i
2091 2441 2113 2463 n
2121 2430 2142 2462 d
2150 2440 2174 2463 u
2182 2440 2198 2463 s
2208 2435 2224 2463 t
2231 2431 2267 2463 ri
2276 2441 2299 2465 0
2306 2441 2323 2464 8
2331 2456 2340 2471 ,
2361 2442 2384 2465 n
2392 2442 2410 2466 e
2418 2451 2430 2457 -

200 2484 434 2518 cessarius.
477 2484 524 2517 Et
544 2483 669 2516 Fabius
690 2493 757 2517 non
778 2483 874 2525 fugit
895 2484 1144 2525 superlativum
1172 2484 1406 2527 piissimus,
1436 2486 1494 2526 qui
1516 2485 1668 2519 Ciceroni
1695 2481 1952 2525 reprehensione
1981 2482 2106 2523 dignus
2137 2493 2212 2516 esse
2241 2484 2433 2519 videbatur.

198 2537 287 2570 'Utut
308 2538 424 2568 autem
445 2536 508 2569 hoo
530 2544 566 2568 se
587 2534 702 2574 habet,
725 2535 847 2568 mirum
869 2538 922 2568 est
944 2536 1034 2575 quod
1055 2546 1168 2569 omnes
1192 2545 1275 2576 quos
1294 2536 1428 2576 quidem
1450 2547 1513 2578 ego
1536 2535 1740 2577 inspexerim
1763 2534 1910 2566 editores
1932 2533 2065 2574 Reisigi
2088 2535 2318 2569 coniecturam
2338 2546 2430 2578 pror·

199 2597 257 2623 sus
279 2587 415 2621 silentio
436 2586 665 2628 praetervecti
686 2590 776 2620 sunt.
820 2586 855 2620 si
875 2587 963 2621 nihil
984 2586 1086 2628 aliud,
1115 2592 1207 2622 certe
1229 2588 1338 2630 ipsum
1361 2588 1427 2622 viri
1449 2588 1636 2623 doctissimi
1658 2596 1779 2620 nomen
1800 2594 1861 2619 nos
1884 2594 2005 2628 cogere
2027 2585 2165 2621 videtur
2193 2587 2327 2622 inventi
2355 2588 2429 2622 01118

199 2651 269 2675 non
289 2639 392 2681 plane
414 2638 626 2672 immemores
648 2648 732 2672 esse.

327 2691 357 2732 ²)
380 2690 455 2724 Non
482 2699 535 2723 me
558 2690 660 2732 fugit,
690 2690 777 2732 quod
799 2700 826 2724 0.
849 2700 883 2733 g.
905 2690 1079 2725 Madvicus
1106 2691 1147 2724 de
1176 2691 1250 2725 Fin.
1274 2692 1292 2725 Ι
1315 2694 1363 2733 10,
1385 2694 1427 2727 32
1454 2695 1502 2735 (p.
1525 2694 1577 2733 71)
1600 2690 1847 2724 animadvertit
1869 2690 2037 2723 neminem
2059 2699 2208 2730 unquam
2230 2691 2432 2732 scriptorem

199 2746 389 2779 Romanum
411 2745 492 2775 ante
513 2742 697 2775 relativum
718 2743 1003 2785 praepositionem
1026 2753 1113 2783 quae
1135 2748 1216 2776 ante
1239 2744 1543 2779 demonstrativum
1566 2743 1732 2776 adfuisset
1761 2743 1923 2781 omisisse,
1952 2742 2019 2774 nisi
2048 2742 2137 2774 idem
2165 2743 2305 2775 verbum
2333 2744 2431 2778 audi-

198 2800 304 2831 retur.
347 2793 527 2837 Supersedi
557 2802 661 2837 supra
689 2794 833 2836 adferre,
863 2794 942 2836 quia
970 2795 1054 2828 haec
1081 2794 1116 2828 in
1137 2795 1246 2830 locum
1268 2797 1309 2830 de
1331 2807 1395 2838 quo
1418 2798 1551 2841 agimus
1580 2806 1646 2830 non
1669 2794 1847 2836 quadrant.
1892 2794 2042 2828 Primum
2066 2795 2156 2827 enim
2177 2794 2275 2828 deest
2296 2796 2431 2830 demon-

197 2848 398 2886 strativum,
429 2846 552 2879 deinde
580 2847 720 2879 verbum
742 2848 966 2889 generalioris
987 2848 1151 2887 notionis,
1181 2853 1220 2881 ut
1241 2850 1309 2881 iam
1331 2850 1416 2889 dixi,
1447 2848 1714 2883 subaudiendum
1738 2851 1807 2887 est,
1830 2847 1894 2879 uisi
1917 2846 2006 2879 forte
2030 2847 2104 2886 quis
2127 2856 2170 2879 ex
2191 2848 2306 2881 verbis
2328 2849 2431 2888 ,nulla

197 2898 372 2937 contentio
396 2900 458 2932 est‘
482 2908 499 2933 0
508 2908 527 2932 o
536 2908 559 2933 n
568 2900 584 2932 t
592 2907 609 2932 e
617 2908 640 2933 0
647 2898 711 2933 dit
734 2899 904 2934 commode
926 2900 1076 2944 suppleri
1097 2910 1197 2943 posse
1220 2905 1343 2936 censet.
2127 2946 2150 2981 3
2159 2943 2179 2965 *
