2617 3295
0 2910 19 2945 ἐ’-
34 2931 43 2949 1

151 192 498 267 ‘''i'nsti'tnendi
524 220 748 274 optime·sic
773 218 1092 272 reddi'possunt‚
1125 220 1247 260 veluti
1273 220 1314 260 11
1338 221 1376 260 4.
1403 216 1465 260 41'
1490 219 1619 271 ,fictas
1654 220 1836 260 materias
1862 219 1965 272 apud
1992 215 2159 260 Graecos
2186 215 2439 261 dicei-ecit&

74 284 76 287 ’
105 312 109 314 -
162 278 430 327 “Demetrium
463 283 651 324 Phalerea
678 284 968 334 institutum
1000 282 1080 322 fere
1115 285 1289 323 constat‘.
1343 284 1418 324 Sed
1452 283 1554 334 quod
1586 282 1689 321 cadit
1724 283 1765 321 in
1803 283 1993 322 verbum
2032 283 2329 322 instituendi
2361 296 2444 323 nou

192 347 297 387 idem
322 345 457 386 cadere
482 346 523 384 in
549 345 899 385 institutionis
927 344 1287 386 substantivum
1319 358 1431 385 nemo
1466 343 1718 395 infitiabitur,
1755 343 2042 385 substantivum
2074 348 2207 384 autem
2233 344 2333 385 hanc
2357 346 2441 386 vim

193 409 336 450 habere
363 407 596 448 Claussenus
631 407 815 460 exemplis
848 407 1039 448 similibus
1073 422 1150 448 non
1183 409 1240 448 ita
1266 408 1377 448 facile
1403 409 1637 460 praestiterit
1649 408 1698 459 ²).
1752 407 1874 446 Immo
1909 409 2120 447 rectissime
2145 408 2334 447 Krebsius
2359 407 2385 448 L
2410 405 2440 449 l.

194 485 233 525 p,
259 471 484 513 603-604:
522 470 721 511 Institutio
750 474 929 510 bedentet
964 474 1024 510 bei
1056 476 1161 511 auen
1188 475 1357 510 Bessern
1389 483 1469 510 nntr
1503 474 1605 510 acliv
1635 474 1696 508 die
1723 473 2005 519 Einricheunq,
2038 473 2302 520 Anordmerm,
2333 473 2440 509 nicht

198 537 329 585 passiv
357 537 441 573 eine
469 536 643 572 einzetne
670 533 898 588 (yemachte)
927 537 1188 581 Eiure'chtmvy
1214 539 1297 572 tend
1315 537 1565 580 Anordnmm.
1613 533 1736 585 Igitur
1755 531 1957 572 Clausseni
1985 533 2303 572 institutione
2330 531 2443 572 nihili

200 600 271 637 est.
325 596 400 636 Alii
427 595 505 636 alia
531 597 815 648 excogitarunt:
853 595 1028 647 equidem
1055 596 1324 647 scriptione
1357 596 1598 635 scribendum
1626 609 1710 634 esse
1736 608 1924 646 proponO,
1960 609 2038 645 qua
2063 608 2157 633 voce
2184 600 2336 647 recepta
2361 597 2442 634 iam

199 662 331 711 aptam
356 658 613 698 nanciscimur
639 659 872 697 senteutiam
907 662 947 697 et
972 657 1132 697 consilio
1168 658 1362 709 scriptom's
1397 670 1491 697 sane
1525 670 1743 709 congruam.
1796 658 1848 697 Et
1874 658 1908 696 si
1934 666 2069 696 verum
2097 661 2156 696 est
2181 657 2282 708 quod
2307 657 2444 698 dicunt

201 734 262 761 sc.
289 721 353 761 vel
378 734 443 771 sp.
470 720 611 759 litteris
639 734 663 759 a
688 720 853 759 librariis
879 721 897 759 i
923 720 987 759 vel
1013 721 1062 758 in
1089 721 1245 771 saepius
1272 722 1535 772 praepositum
1563 733 1649 759 esse
1667 742 1718 747 —
1744 720 1783 758 id
1810 720 1911 771 quod
1938 720 2116 758 veritatis
2143 719 2326 758 indicium
2348 728 2461 771 prae

200 795 243 822 se
268 783 354 833 fert,
390 795 477 821 cum
512 783 632 821 etiam
657 782 824 821 Franco-
851 782 1046 821 Gallorum
1073 781 1192 821 verba
1219 795 1296 821 non
1322 795 1445 832 pauca
1468 781 1541 821 hoc
1568 782 1871 820 additamentum
1903 780 2069 832 prodant
2100 780 2185 831 (cfr.
2213 794 2363 832 sperare
2389 797 2442 811 ·-—

201 845 351 897 esperer
376 866 428 873 ——
455 844 602 895 species
628 866 679 872 —
705 842 855 896 espece)
883 866 934 872 -—
960 842 1025 883 vel
1051 842 1140 883 hinc
1166 843 1295 882 mendi
1321 843 1422 894 quod
1447 844 1488 883 in
1515 843 1708 883 codicibus
1735 846 1797 883 est
1821 844 1926 895 origo
1953 842 2162 883 manifesta
2185 842 2242 883 fit.

327 907 457 947 Unum
485 911 617 955 restat,
645 906 749 957 quod
775 919 852 944 non
879 908 962 945 sine
989 907 1118 957 aliqua
1144 919 1262 944 causa
1289 912 1419 945 contra
1445 907 1518 944 dici
1542 908 1684 956 possit:
1713 907 1929 956 scriptionis
1946 920 2025 944 vox
2043 906 2145 956 apud
2164 904 2445 953 Quintilianum

201 967 277 1008 alio
303 967 388 1008 loco
415 968 610 1008 invenitur
635 967 754 1007 nullo.
795 967 869 1008 Sed
897 968 930 1007 si
956 969 1041 1019 quis
1069 967 1157 1007 hinc
1183 967 1411 1008 concluserit
1436 981 1460 1007 a
1477 967 1597 1007 Fabio
1624 968 1756 1019 utique
1783 967 1883 1007 hanc
1907 981 2041 1007 vocem
2067 968 2243 1019 usurpari
2269 980 2348 1007 non
2374 980 2446 1019 po-

180 1031 334 1080 .tuisse,
369 1042 505 1069 vereor
536 1043 586 1068 ne
612 1031 647 1068 is
682 1030 855 1081 cupidius
891 1043 1007 1081 quam
1040 1032 1169 1069 verius
1204 1030 1395 1069 iudicasse
1428 1030 1616 1069 videatur.
1669 1031 1798 1070 Etiam
1821 1030 2020 1079 .,instar
2054 1032 2198 1081 portus‘
2226 1029 2329 1081 quod
2356 1028 2444 1070 Car.

202 1092 389 1132 Meiserus
416 1105 465 1131 ex
492 1092 666 1131 codicum
702 1092 913 1143 depravata
938 1092 1101 1132 lectione
1129 1093 1227 1131 eruit
1254 1091 1307 1143 (X
1334 1094 1368 1142 7,
1399 1093 1451 1144 1),
1489 1092 1564 1131 alio
1598 1093 1681 1132 loco
1716 1106 1795 1131 non
1829 1092 1959 1131 habes.
2011 1091 2138 1130 Nihilo
2166 1097 2296 1131 autem
2323 1094 2445 1132 setius

200 1152 292 1193 huic
323 1155 563 1194 coniecturae
598 1167 737 1194 nomen
773 1154 982 1207 palmariae
1014 1155 1145 1194 indere
1181 1167 1258 1194 non
1293 1153 1496 1194 dubitabis.
1557 1154 1663 1194 Adde
1699 1155 1802 1205 quod
1829 1167 1953 1206 neque
1988 1153 2054 1192 alii
2080 1154 2230 1205 probati
2257 1156 2446 1194 sermonis

204 1217 406 1267 scriptores
434 1217 651 1267 scriptionis
677 1230 812 1255 vocem
845 1217 1073 1268 fugeruntss)
1109 1229 1233 1267 neque
1266 1217 1346 1267 ipse
1372 1215 1634 1265 Quintilianus
1669 1217 1937 1256 formationem
1974 1216 2305 1255 substantivorum
2332 1218 2371 1256 in
2399 1218 2445 1257 io
2494 1252 2496 1254 .

205 1279 428 1318 exeuntium
456 1277 615 1318 horruit.
653 1278 736 1331 (cfr.
763 1279 802 1319 II
827 1280 864 1319 2.
893 1280 939 1319 11
969 1279 1114 1319 auditio
1142 1279 1180 1318 Π
1206 1280 1243 1319 2.
1265 1280 1301 1329 6,
1329 1279 1444 1318 dictio
1471 1279 1509 1318 II
1536 1280 1572 1318 3.
1602 1281 1636 1329 l,
1664 1280 1862 1330 persuasio
1891 1279 2072 1329 aliaque).

323 1340 343 1380 I
371 1341 431 1381 10.
461 1341 485 1381 8
521 1340 620 1391 „fuit
652 1340 792 1394 aliquis
825 1342 908 1381 sine
942 1342 991 1382 iis
1019 1340 1088 1394 (sc.
1124 1341 1272 1381 artibus
1306 1341 1444 1394 quibus
1479 1343 1601 1382 oratio
1636 1342 1764 1395 egeat)
1800 1342 2011 1382 disertus“:
2047 1341 2126 1391 ,sed
2154 1354 2226 1394 ego
2254 1346 2447 1382 oratorem

208 1402 324 1443 volo‘.
377 1404 487 1453 „Non
514 1404 678 1443 multum
706 1405 919 1443 adiciunt“:
948 1404 1029 1454 ,sed
1055 1416 1203 1455 aeque
1229 1417 1308 1443 non
1335 1404 1406 1442 erit
1433 1408 1569 1454 totum,
1596 1406 1657 1443 cui
1683 1404 1747 1443 vel
1772 1417 1894 1456 parva
1919 1404 2103 1442 deerunt‘.

326 1464 384 1504 De
402 1464 475 1504 hoc
501 1465 584 1505 loco
603 1467 748 1517 primus
766 1466 946 1505 Halmius
972 1480 1062 1506 vere
1089 1466 1286 1516 iudicavit,
1314 1479 1399 1505 cum
1426 1466 1467 1504 in
1494 1466 1742 1506 adnotatione
1769 1470 1947 1518 poneret:
1976 1466 2172 1505 sententia
2194 1470 2257 1504 est
2283 1471 2340 1515 ,ut
2356 1479 2448 1505 cou-

202 1526 336 1566 cedam
362 1539 430 1566 eas
459 1539 538 1566 non
563 1528 729 1567 multum
755 1528 915 1578 adicere,
950 1529 1033 1580 pari
1059 1528 1207 1567 ratione
1242 1540 1319 1566 non
1352 1528 1427 1566 erit
1452 1529 1602 1579 totum‘,
1638 1533 1768 1568 tamen
1796 1528 1974 1567 Halmius
2006 1532 2152 1567 rectam
2183 1528 2289 1567 viam
2323 1529 2450 1580 magis

203 1590 403 1641 ingressus
430 1603 545 1641 quam
571 1595 797 1642 persecutus
824 1604 909 1631 esse
934 1589 1029 1630 mihi
1055 1590 1218 1630 videtur.
1268 1589 1376 1629 Certe
1401 1591 1513 1630 nobis
1540 1591 1668 1643 paullo
1696 1593 1912 1631 accuratius
1940 1604 2059 1642 quam
2086 1592 2125 1629 in
2152 1590 2296 1630 notulis
2322 1592 2450 1631 textui

204 1651 388 1691 subiectis
416 1651 465 1690 ab
493 1651 557 1691 illo
585 1653 668 1692 fieri
694 1654 830 1705 potuit,
859 1652 1135 1705 disputandum
1162 1654 1247 1692 erit.
1287 1653 1417 1704 Neque
1443 1655 1545 1693 enim
1573 1654 1718 1705 dubito,
1747 1655 1837 1706 quin
1864 1654 2074 1693 etiamnum
2095 1653 2354 1703 inveniantur,
2383 1655 2450 1705 qui

204 1727 283 1753 non
310 1714 441 1753 Halmi
467 1715 822 1765 interpretationem
848 1715 1138 1764 admittendam,
1166 1715 1235 1754 sed
1253 1728 1339 1753 cum
1357 1715 1579 1767 Spaldingio
1599 1716 1762 1767 aliisque
1781 1715 1998 1755 faciendum
2025 1728 2112 1754 esse
2129 1719 2268 1766 putent
2284 1717 2451 1766 utique

205 1788 274 1828 pro
302 1788 452 1827 aeque
479 1776 604 1815 ordini
629 1777 834 1817 verborum
861 1777 1130 1817 inserentibus.
1173 1777 1358 1816 Nimirum
1384 1776 1623 1818 offenderunt
1640 1777 1697 1817 illi
1716 1779 1756 1817 in
1782 1790 1935 1829 aeque
1963 1776 2136 1817 adverbii
2155 1777 2447 1829 significatione,

204 1842 403 1890 tamquam
429 1838 478 1877 ab
504 1838 620 1878 huius
647 1839 722 1879 loci
749 1840 942 1879 sententia
967 1839 1081 1891 plane
1108 1839 1258 1878 absona
1285 1843 1399 1879 esset.
1439 1840 1491 1878 Et
1509 1840 1792 1879 concedendum
1815 1844 1875 1879 est
1891 1839 2020 1891 paullo
2039 1839 2235 1879 difficilius
2254 1839 2448 1891 explicari,

206 1899 275 1939 sed
311 1902 466 1941 omnino
503 1914 581 1940 non
613 1915 727 1953 posse
759 1901 833 1942 hoc
866 1902 1088 1955 negandum
1123 1905 1196 1941 est.
1249 1901 1344 1941 Mihi
1375 1903 1495 1941 totius
1522 1901 1595 1942 loci
1622 1903 1886 1955 interpretatio
1914 1902 1963 1942 ab
1991 1902 2116 1954 ellipsi
2150 1902 2316 1954 quadam
2341 1915 2449 1955 repe-

204 1963 325 2003 tenda
350 1977 436 2003 esse
463 1964 626 2014 videtur,
655 1969 770 2015 atque
797 1969 841 2004 ut
865 1967 906 2004 in
932 1964 1032 2004 hanc
1058 1964 1238 2004 inclinem
1256 1966 1497 2015 sententiam,
1526 1978 1639 2017 cogor
1658 1965 1941 2017 quodammodo
1960 1964 2160 2017 Agricolae
2184 1964 2267 2005 loco
2286 1979 2311 2005 a
2326 1965 2450 2006 Drue-

206 2038 296 2078 gero
322 2026 362 2065 in
389 2026 485 2065 libro
515 2026 561 2065 de
590 2027 723 2066 Tacito
752 2028 886 2067 citato:
922 2028 1005 2066 XV.
1031 2028 1057 2067 5
1084 2040 1220 2079 ,aeque
1247 2027 1476 2066 discordiam
1503 2029 1819 2078 praepositorum,
1854 2041 1974 2079 aeque
2001 2027 2239 2067 concordiam
2266 2027 2450 2067 subiectis

205 2088 410 2127 exitiosam
438 2087 507 2138 (sc.
533 2088 661 2139 esse)‘‚
689 2088 791 2140 quod
817 2088 915 2128 nihil
940 2088 1046 2128 aliud
1073 2101 1158 2128 esse
1183 2089 1260 2128 nisi
1288 2089 1383 2139 ,sive
1410 2089 1603 2129 discordes
1630 2094 1722 2129 sunt
1749 2091 1957 2142 praepositi
1984 2091 2067 2130 sive
2094 2089 2298 2129 concordes
2326 2088 2450 2141 aequ‘e

205 2150 411 2189 exitiosum
439 2155 498 2189 cst
524 2151 719 2190 subiectis‘
749 2164 836 2190 cum
862 2151 1054 2202 Draegero
1081 2154 1182 2190 recte
1209 2150 1390 2189 dicemus.
1451 2152 1534 2190 Iam
1569 2164 1660 2190 vero
1697 2164 1927 2203 recognosce
1961 2164 2109 2191 mecum
2141 2150 2265 2189 locum
2298 2151 2347 2190 de
2372 2163 2450 2203 quo

205 2212 377 2263 agimus:
413 2211 524 2251 facile
552 2213 634 2263 ipse
661 2212 867 2252 subaudire
892 2213 1057 2264 poteris,
1091 2225 1188 2264 quae
1222 2217 1371 2262 auctor,
1407 2212 1498 2252 licet
1524 2226 1601 2252 non
1628 2213 1782 2253 disemis
1808 2213 1938 2253 verbis
1965 2213 2136 2253 elocutus
2164 2214 2232 2262 sit,
2264 2214 2454 2265 cogitavit

207 2277 336 2314 tamen
363 2273 468 2313 haud
495 2274 628 2314 dubie:
659 2274 754 2325 ,Non
781 2274 945 2314 multum
973 2275 1145 2315 adiciunt
1171 2278 1285 2325 artes,
1314 2274 1380 2313 sed
1408 2276 1491 2315 sive
1519 2275 1680 2315 multum
1710 2275 1881 2316 adiciunt
1907 2276 1988 2315 sive
2016 2289 2093 2314 non
2119 2273 2297 2326 multum,
2328 2284 2454 2328 aeque

205 2348 286 2375 non
311 2337 384 2376 erit
410 2340 536 2375 totum
564 2338 625 2375 cui
651 2337 714 2376 vel
739 2351 861 2389 parva
888 2338 1072 2388 deerunt‘,
1099 2337 1239 2388 quibus
1266 2337 1428 2376 eundem
1455 2339 1534 2377 fere
1561 2352 1718 2377 sensum
1746 2338 1904 2377 subesse
1930 2342 2045 2388 atque
2062 2337 2195 2376 Halmi
2212 2337 2344 2377 verbIs
2363 2339 2453 2390 quis

206 2401 280 2449 est,
309 2411 422 2451 quem
449 2397 521 2438 hoc
547 2398 711 2450 fugerit?

328 2460 424 2500 Cum
446 2461 561 2513 vulgo
586 2462 813 2502 scriberetur
830 2462 850 2501 I
869 2463 931 2513 11,
950 2463 1000 2503 10
1021 2462 1115 2513 ,vidi
1135 2462 1288 2512 multos,
1316 2474 1479 2513 quorum
1502 2461 1704 2514 supercilia
1721 2462 1770 2501 ad
1789 2460 1962 2513 singulos
1980 2462 2088 2501 vocis
2111 2466 2273 2504 conatus
2292 2463 2450 2504 adleva-

205 2525 348 2572 rentur,
376 2523 540 2563 aliorum
571 2526 787 2575 constricta,
824 2525 987 2564 aliorum
1012 2525 1128 2563 etiam
1153 2524 1396 2574 dissidentia,
1433 2538 1519 2564 cum
1548 2525 1705 2563 altero
1721 2525 1772 2562 'in
1797 2525 1980 2563 verticem
2006 2525 2294 2576 tenderent,
2330 2526 2450 2566 altero

204 2596 326 2636 paene
352 2585 486 2626 oculus
513 2587 594 2638 ipse
620 2588 864 2639 premeretur‘
892 2586 1073 2626 Halmius
1090 2586 1333 2626 Ambrosiani
1360 2587 1503 2627 codicis
1529 2586 1715 2626 hactenus
1742 2585 1883 2626 saltem
1909 2587 2165 2642 patrocinium
2192 2590 2373 2641 suscepit,
2400 2593 2451 2629 nt

206 2645 420 2685 alterum
453 2661 521 2699 pro
556 2648 705 2688 altero
738 2650 970 2688 restitueret.
1025 2648 1100 2689 Sed
1133 2662 1182 2687 ne
1213 2648 1287 2688 hoc
1322 2649 1476 2700 quidem
1512 2649 1673 2700 sufficit,
1710 2649 1744 2688 si
1779 2649 1934 2700 quidem
1968 2654 2071 2689 recte
2107 2652 2246 2690 statuit
2272 2650 2454 2692 Halmius

332 2801 362 2843 ¹)
385 2800 445 2835 cfr.
468 2801 668 2837 Meisterum
691 2803 779 2838 Phil.
802 2804 844 2838 35
865 2814 896 2847 p.
918 2804 991 2839 556.

325 2855 365 2911 ²).
381 2853 444 2887 cfr.
460 2855 527 2887 Cic.
543 2855 618 2887 Inv.
641 2856 658 2888 1
672 2857 724 2888 38.
741 2857 782 2889 68
804 2855 937 2895 ,Omnes
959 2856 1066 2898 leges,
1089 2856 1231 2900 iudices,
1254 2857 1298 2890 ad
1319 2858 1524 2891 commodum
1546 2858 1758 2899 reipublicae
1780 2858 1909 2891 referre
1931 2861 2071 2899 oportet
2094 2860 2130 2891 et
2151 2867 2211 2892 eas
2234 2868 2277 2893 ex
2296 2858 2457 2893 utilitate

198 2912 377 2946 commum,
399 2913 468 2940 uon
489 2915 532 2940 ex
554 2906 802 2950 scriptione
826 2917 912 2951 quae
935 2908 971 2943 in
992 2908 1121 2944 litteris
1143 2912 1198 2944 est
1217 2909 1461 2953 interpretari‘.
1497 2910 1556 2945 cfr.
1580 2911 1686 2945 etiam
1707 2911 1891 2947 Krebsium
1914 2910 1976 2945 sub
2000 2911 2065 2945 hac
2089 2920 2171 2945 voce
2194 2922 2227 2956 p.
2251 2913 2343 2947 1053.
