2617 3295
1298 73 1369 119 25

205 210 272 250 ··Ε1
296 213 476 261 poterant
499 207 669 259 profecto
697 209 780 246 sine
808 205 948 246 damno
976 207 1113 247 abesse
1137 220 1263 259 neque
1298 219 1369 258 ego
1406 206 1621 246 dubitarem
1647 206 1778 245 Halmi
1809 208 2076 246 auctoritatem
2104 207 2233 259 sequi,
2267 208 2302 246 si
2315 212 2318 214 ’
2331 206 2456 247 ullum

221 271 404 312 indicium
432 269 618 320 subesset,
648 269 751 320 quod
778 269 946 322 glossam
972 269 1169 310 redoleret.
1207 269 1335 309 Habet
1351 268 1528 309 Halmius
1556 268 1708 320 quidem
1725 281 1821 325 cum
1847 267 2034 309 Bursiano
2062 282 2130 321 pro
2158 273 2260 308 certo
2285 268 2379 308 illud
2404 273 2456 309 ut

224 347 271 374 ex
299 333 378 374 vel
405 336 529 372 ortum
556 344 652 381 esse,
681 331 749 371 sed
774 330 876 370 unde
901 330 980 371 vel
1005 332 1045 371 111
1071 336 1218 371 textum
1243 332 1447 383 irrepserit,
1474 328 1599 369 adhuc
1626 329 1674 369 ab
1701 329 1778 369 illis
1805 329 1981 370 celamur.
2033 332 2092 371 An
2118 329 2197 370 vel
2231 331 2359 383 ipsum
2385 331 2453 371 ad-

224 397 478 436 ditamentum
504 394 788 445 interpolatoris
815 394 1014 433 cuiusdam
1041 394 1339 446 intellegendum
1366 398 1449 433 est?
1491 393 1566 432 Sed
1593 393 1846 432 concedamus
1877 397 1929 431 111
1961 405 2008 432 ex
2033 394 2111 433 vel
2137 397 2266 433 ortum
2289 404 2377 432 esse
2401 414 2454 422 —-

224 471 455 510 quamquam
489 456 561 496 hoc
586 457 713 506 ipsum
747 469 882 496 vereor
913 460 956 495 ut
983 460 1085 495 recte
1112 456 1266 496 concedi
1290 457 1416 507 possit
1440 479 1491 485 —
1517 454 1584 493 sed
1611 455 1884 494 concedamus:
1916 469 1994 505 qua
2026 457 2173 495 ratione
2200 461 2333 495 autem
2358 455 2454 494 illud

221 519 567 573 provideamus
591 519 917 570 interpretamenti
942 517 1026 559 loco
1045 518 1209 559 adscribi
1235 519 1412 571 potuerit,
1438 529 1550 557 nemo
1569 516 1679 557 facile
1698 517 1849 557 dixerit.
1888 516 2012 570 Igitur
2030 515 2141 569 plane
2158 530 2234 557 non
2252 515 2453 568 habemus,

222 597 289 622 cur
325 583 366 621 111
391 581 465 621 1100
499 580 583 620 1000
611 573 922 633 interpolatorem
949 582 1138 633 quendam
1162 586 1359 620 versatum
1392 593 1478 619 esse
1505 581 1746 631 accipiamus.
1800 580 1886 635 Alia
1910 581 1978 620 via
2003 580 2171 618 ineunda
2196 586 2271 630 est,
2307 586 2353 620 ut
2379 580 2456 620 loci

220 644 488 685 difficultatem
516 643 725 684 solvamus.
777 644 829 683 Et
853 647 1096 694 reputantes,
1126 644 1191 694 qui
1218 655 1355 682 sensus
1380 642 1469 681 huic
1495 643 1690 681 contextui
1715 646 1827 695 aptus
1854 646 1970 695 atque
1989 641 2227 682 'conveniens
2252 644 2314 696 sit,
2340 641 2456 684 facile

219 707 409 747 medelam
428 708 669 746 inveniemus
687 706 790 745 haud
808 707 1110 757 improbabilem.
1150 707 1403 756 Resistamus,
1432 708 1557 757 inquit
1574 707 1743 756 scriptor,
1763 707 1988 745 resistamus
2009 710 2048 744 et
2066 706 2256 745 efferentis
2274 719 2316 746 se
2333 718 2454 758 equos

220 782 473 818 coerceamus,
501 768 564 807 vel
590 772 634 807 ut
648 768 862 819 germanice
884 767 1086 807 reddamus
1108 777 1257 817 ,moyen
1283 771 1360 806 wir
1379 772 1565 805 anhaleen
1585 772 1667 805 und
1688 770 2020 815 gewissermassen
2045 769 2107 803 die
2131 772 2453 815 aurchqeloenden

218 837 339 871 Rosse
364 832 529 881 zfcyeln‘,
555 830 619 871 vel
637 829 768 882 paullo
792 832 984 882 copiosius
1015 839 1162 879 ,moyen
1187 833 1263 870 wir
1281 834 1480 878 Wzrsorye
1508 831 1650 878 treffen
1669 828 1811 880 (dasizr
1828 829 1996 882 nomen),
2025 833 2117 868 dass
2144 831 2225 868 dies
2241 832 2445 878 yeechehe‘.

218 893 425 933 Conversio
444 893 529 942 ipsa
546 916 597 921 —
617 892 905 931 accommodata
923 893 1087 943 quidem,
1107 894 1141 931 si
1156 907 1291 932 verum
1309 894 1421 931 fateri
1438 893 1629 941 volumus,
1657 892 1706 930 ad
1722 905 1808 930 eam
1826 894 2067 942 sententiam,
2085 894 2126 930 in
2145 904 2263 942 quam
2283 894 2451 932 maxime

216 955 376 996 inclinat
401 955 551 995 animus
578 977 629 983 —
657 954 919 995 demonstrare
943 954 1114 1005 videtur,
1151 955 1340 1007 quomodo
1366 954 1474 994 locus
1507 953 1704 993 sanandus
1731 954 1795 992 sit.
1848 953 2010 993 Necesse
2044 958 2105 993 est
2136 967 2208 993 nos
2236 953 2450 994 scribamus

217 1016 587 1068 ,provideamus
602 1016 638 1066 1)
673 1021 725 1055 111
755 1018 1106 1056 resistamuset
1127 1019 1450 1057 coerceamus‘
1479 1017 1777 1067 transpositione
1807 1016 1869 1055 usi
1889 1015 2006 1055 semel
2029 1017 2182 1068 saepius
2208 1017 2249 1055 in
2276 1017 2451 1068 recogni-

215 1080 320 1119 tione
344 1078 527 1118 librorum
553 1082 726 1117 veterum
752 1079 834 1117 iure
860 1078 1046 1119 adhibita.

338 1140 376 1180 X
402 1140 439 1191 3,
462 1140 513 1180 20
549 1139 610 1191 ,At
636 1139 737 1179 idem
764 1140 829 1180 ille
858 1141 922 1193 qui
950 1142 1102 1193 excipit,
1130 1143 1163 1181 si
1188 1141 1332 1182 tardior
1357 1142 1397 1181 in
1426 1141 1624 1182 scribendo
1651 1147 1718 1182 aut
1743 1142 1923 1182 incertior
1948 1143 1997 1181 in
2022 1140 2229 1193 legendo
2255 1140 2365 1181 velut
2390 1140 2448 1181 of-

213 1203 384 1241 fensator
415 1202 499 1252 fuit,
532 1202 727 1241 inhibetur
762 1215 894 1241 cursus
928 1208 1042 1255 atque
1069 1205 1211 1253 omnis,
1246 1217 1342 1256 quae
1369 1208 1461 1254 erat,
1495 1209 1677 1256 concepta
1701 1206 1841 1243 mentis
1868 1204 2028 1242 intentio
2055 1216 2162 1242 mora
2189 1207 2228 1242 et
2254 1202 2446 1242 interdum

212 1264 411 1304 iracundia
430 1266 645 1304 excutitur‘.
682 1264 739 1304 De
758 1265 887 1304 verbis
913 1270 963 1305 at
989 1266 1116 1305 idem
1143 1266 1247 1315 ille,
1276 1268 1354 1318 qui
1382 1267 1566 1318 excipit
1591 1267 1760 1317 pluribus
1787 1267 1928 1317 exponi
1945 1279 2022 1304 11011
2050 1279 2144 1317 opus
2162 1266 2244 1314 erit,
2272 1265 2446 1316 quando-

212 1326 365 1380 quidem
398 1325 512 1366 hodie
543 1327 734 1366 neminem
769 1327 942 1368 dubitare
974 1328 1144 1379 confido,
1177 1329 1269 1381 quin
1301 1328 1402 1369 idem
1437 1328 1519 1380 ille,
1557 1329 1619 1369 0111
1645 1328 1820 1378 dictatur,
1847 1326 2118 1381 intelligendus
2144 1328 2205 1368 sit.
2258 1326 2446 1367 Maiorem

213 1389 464 1429 offensionem
489 1391 531 1428 in
556 1389 685 1428 verbis
712 1391 760 1428 in
785 1390 996 1442 legendo
1024 1392 1150 1430 inesse
1176 1397 1269 1443 puto
1298 1397 1336 1430 et
1362 1405 1461 1442 eam,
1497 1405 1594 1444 quae
1628 1405 1689 1430 me
1723 1392 1848 1430 iudice
1874 1392 2062 1430 removeri
2087 1403 2165 1430 non
2190 1391 2333 1442 possit,
2368 1389 2446 1429 nisi

211 1451 263 1492 ad
300 1452 557 1492 coniecturam
594 1452 888 1504 confugerimus
941 1454 1038 1494 Nam
1071 1454 1173 1506 quod
1205 1453 1428 1494 Bonnellius
1465 1458 1640 1494 autumat
1672 1458 1767 1504 ‚Der
1793 1456 2021 1492 Dictireude
2046 1458 2237 1502 venenat,
2270 1466 2338 1491 um
2366 1456 2449 1491 ,aen

213 1518 525 1562 aedankenqany
551 1518 832 1565 sestzuhaleen,
860 1530 948 1554 vom
974 1520 1355 1555 nachschreibenden
1381 1516 1640 1569 ταχύγραφος
1670 1521 1818 1566 hdufiq,
1857 1522 1946 1555 dass
1973 1529 2018 1553 er
2045 1521 2116 1554 das
2142 1517 2448 1563 Nachqeschrie-

210 1580 306 1617 bene
332 1578 412 1616 ihm
438 1579 614 1627 vorlese‘,
640 1577 728 1618 ideo
755 1578 1046 1630 improbandum
1073 1593 1159 1620 esse
1186 1594 1334 1630 censeo,
1362 1581 1453 1631 quia
1479 1579 1526 1619 de
1552 1580 1677 1619 scriba
1693 1585 1775 1619 tam
1801 1580 1910 1619 tardo
1936 1583 2092 1630 tamque
2118 1578 2249 1628 stulto,
2275 1583 2321 1617 ut
2346 1591 2447 1628 quae

208 1640 292 1691 ipse
318 1639 521 1690 scripserit,
549 1641 631 1691 ipse
657 1641 838 1680 incertius
864 1641 979 1692 legat,
1007 1643 1175 1693 cogitare
1201 1644 1269 1682 vix
1296 1642 1489 1682 debemus.
1542 1641 1652 1681 Hanc
1678 1641 1943 1681 difficultatem
1975 1645 2019 1680 ut
2044 1639 2237 1693 effugeret,
2264 1638 2444 1691 Spaldin-

210 1702 297 1752 gius
322 1723 374 1730 —
398 1714 489 1740 nam
515 1701 676 1741 aliorum
703 1704 862 1742 inventa
886 1702 983 1741 nihil
1008 1717 1136 1742 moror
1162 1727 1213 1732 —
1238 1705 1498 1756 reponendum
1516 1706 1715 1755 proposuit
1740 1709 1789 1743 et
1816 1703 2040 1742 delendo.
2085 1703 2161 1741 Sed
2187 1702 2349 1740 alteram
2371 1701 2445 1740 dif-

208 1762 420 1804 ficultatem
456 1762 636 1814 abstulit,
670 1763 831 1806 alteram
857 1763 997 1806 intulit.
1056 1765 1244 1818 Equidem
1278 1767 1448 1819 suspicor
1474 1765 1717 1806 scribendum
1744 1779 1848 1806 esse:
1881 1766 1926 1805 in
1953 1763 2314 1816 intellegendo,
2341 1763 2446 1816 quod

208 1827 329 1864 totius
356 1826 547 1865 enuntiati
574 1829 787 1866 sententiae
814 1828 1057 1879 aptissimum
1085 1833 1155 1868 est.
1208 1829 1306 1868 Nam
1332 1829 1456 1868 scriba
1482 1832 1551 1867 aut
1576 1828 1723 1867 tardius
1760 1828 1891 1867 scribit
1927 1832 1995 1867 aut
2027 1827 2209 1867 incertius
2244 1825 2444 1879 intellegit,

207 1889 265 1927 ita
289 1891 336 1927 111
363 1888 523 1928 dictanti
550 1890 746 1940 repetendi
772 1903 881 1929 mora
906 1889 1082 1930 facienda
1108 1892 1170 1930 sit.
1211 1891 1515 1943 lntellegere
1542 1895 1672 1930 autem
1698 1892 1848 1941 proprie
1874 1891 1920 1929 de
1947 1891 2002 1929 eis
2022 1889 2108 1939 dici,
2136 1891 2199 1940 qui
2225 1901 2322 1939 quae
2341 1888 2444 1928 dicta

208 1953 311 2001 sunt,
338 1950 466 1990 animo
495 1951 750 2003 excipiant
776 1951 953 1992 omnibus
979 1956 1113 1992 notum
1142 1952 1262 2007 est2).

330 2012 466 2050 Finem
492 2014 609 2052 faciat
635 2013 750 2051 huius
777 2013 897 2052 libelli
921 2015 959 2053 X
986 2015 1022 2066 3,
1044 2016 1095 2055 25
1123 2015 1297 2069 ,ideoque
1322 2016 1566 2055 lucubrantes
1593 2016 1787 2056 silentium
1812 2015 1936 2054 noctis
1964 2018 2003 2054 et
2030 2014 2201 2054 clausum
2228 2011 2443 2054 cubiculum

207 2080 247 2116 et
271 2075 403 2115 lumen
429 2089 549 2115 unum
576 2076 639 2116 vel
665 2081 826 2116 rectos
853 2079 1019 2117 maxime
1046 2080 1200 2117 teneat‘.
1263 2079 1443 2119 Rectos
1470 2079 1663 2130 epitheton
1689 2081 1737 2118 iis
1765 2079 1960 2127 tributum,
1989 2078 2053 2129 qui
2079 2082 2192 2116 noctu
2219 2076 2349 2115 clauso
2377 2088 2442 2114 cu-

205 2136 331 2178 biculo
359 2141 399 2177 et
424 2151 501 2178 uno
529 2138 673 2178 lumine
701 2139 876 2191 apposito
904 2143 1006 2179 totos
1034 2153 1074 2180 se
1100 2139 1239 2180 litteris
1266 2141 1370 2193 dant,
1399 2155 1474 2194 quo
1503 2155 1620 2181 sensu
1647 2141 1907 2193 accipiendum
1935 2141 1997 2191 sit,
2024 2153 2134 2180 nemo
2163 2137 2286 2179 adhuc
2312 2137 2443 2178 docuit

205 2214 329 2251 neque
355 2201 481 2240 doceri
507 2214 622 2251 posse
650 2213 799 2240 censeo.
840 2202 936 2240 Nam
963 2203 1010 2241 de
1035 2202 1133 2241 Badi
1159 2205 1470 2254 interpretatione
1496 2209 1664 2242 rectos
1693 2204 1794 2242 idem
1822 2216 1907 2241 esse
1933 2202 2191 2240 confirmantis
2217 2205 2333 2251 atque
2359 2213 2441 2249 ,ve-

205 2261 264 2303 lut
289 2266 393 2303 recta
417 2263 458 2302 in
485 2276 565 2302 rem
591 2276 710 2303 unam
735 2263 916 2314 intentos,
953 2264 993 2303 111
1021 2278 1105 2305 eam
1133 2264 1320 2316 videlicet,
1358 2279 1473 2317 quam
1499 2267 1777 2318 proposuerint‘
1818 2271 1942 2306 tacere
1969 2269 2138 2315 praestat
2165 2276 2282 2315 quam
2307 2268 2443 2304 contra

205 2325 423 2377 disputare,
458 2329 572 2376 atque
597 2325 638 2363 id
663 2337 708 2363 eo
735 2326 877 2377 magis,
915 2326 1018 2377 quod
1044 2340 1156 2366 nemo
1184 2327 1298 2367 huius
1326 2328 1590 2380 explicationis
1624 2329 1876 2380 patrocinium
1914 2327 2092 2378 suscepit.
2154 2325 2300 2365 Omnes
2326 2326 2441 2379 enim,

206 2387 310 2438 quod
336 2388 467 2438 sciam,
495 2401 572 2427 non
598 2391 680 2426 tam
704 2388 990 2439 interpretando
1017 2389 1144 2428 locum
1170 2390 1369 2439 illustrare,
1398 2404 1514 2441 quam
1541 2391 1777 2431 emendando
1804 2402 1938 2429 sanare
1965 2389 2207 2427 studuerunt.
2268 2388 2320 2427 Et
2344 2386 2441 2428 Bur·

203 2461 370 2489 mannus
396 2450 594 2502 proposuit
619 2448 822 2501 legendum
848 2449 927 2490 vel
955 2452 1100 2491 etiam
1125 2451 1305 2503 lectus,
1340 2452 1482 2493 multos
1509 2458 1673 2494 testatus
1700 2454 1764 2504 qui
1796 2452 1841 2491 de
1867 2451 2053 2491 Romanis
2088 2452 2129 2490 in
2155 2451 2254 2491 lecto
2283 2451 2441 2491 studen-

203 2511 308 2550 tibus
334 2513 578 2563 prodiderint.
625 2512 700 2551 Sed
725 2525 880 2562 prorsus
906 2514 1160 2553 iniudicatum
1185 2515 1346 2566 reliquit,
1375 2528 1452 2566 qua
1477 2517 1624 2555 ratione
1652 2518 1861 2554 commotus
1880 2514 2024 2553 Fabius
2051 2513 2130 2553 vel
2157 2514 2304 2553 etiam
2329 2517 2440 2553 tanta

205 2586 291 2613 cum
309 2572 484 2624 emphasi
502 2573 691 2613 addiderit
706 2573 782 2612 illis
809 2575 891 2612 11111
916 2574 1089 2613 1111111111
1116 2580 1154 2614 01
1181 2577 1349 2616 clauso
1377 2577 1630 2624 cubiculo,
1658 2577 1795 2627 quibus
1817 2577 1973 2615 omnino
1999 2576 2152 2615 lectus
2178 2589 2257 2616 non
2276 2575 2440 2615 debebat

332 2687 361 2728 ¹)
383 2686 619 2721 Providere
642 2689 804 2729 sequente
825 2689 874 2720 ut
896 2687 999 2721 habes
1022 2688 1126 2722 etiam
1147 2688 1217 2723 VH
1238 2690 1268 2724 3.
1291 2690 1340 2730 12,
1361 2690 1574 2724 resistere
1596 2691 1710 2722 autem
1732 2689 1796 2723 hoc
1818 2699 1920 2723 sensu
1939 2689 2074 2733 saepius
2092 2700 2112 2723 a
2127 2689 2231 2723 Fabio
2252 2692 2443 2731 usurpatur

204 2739 303 2775 velat
323 2739 363 2833 ξ)
375 2739 578 2824 {olgi-emas
605 2789 668 2823 has
690 2791 850 2833 plagulas
878 2791 922 2825 ad
943 2792 1192 2835 typographum
1213 2793 1358 2827 missuro
1387 2793 1528 2828 affertur
1549 2793 1632 2826 mihi
1654 2794 1693 2827 G.
1716 2795 1804 2837 Aug.
1827 2794 1967 2828 Herbsti
1989 2794 2104 2833 editio,
2134 2793 2171 2827 in
2193 2803 2261 2834 qua
2283 2793 2328 2828 ιὰ
2348 2794 2446 2828 hunc»

202 2843 311 2877 locum
333 2844 522 2876 atramento
545 2842 754 2884 adscriptum
776 2847 829 2876 est
858 2853 879 2877 a,
900 2843 1014 2880 neseio
1035 2853 1100 2885 quo
1123 2845 1160 2877 B.
1184 2845 1495 2887 intelligendo,
1523 2846 1613 2879 unde
1634 2846 1791 2881 firmatur
1813 2847 2054 2888 quodammodo
2082 2846 2173 2888 quod
2205 2855 2268 2879 nos
2292 2846 2359 2889 ipsi
2380 2855 2438 2880 ex-

204 2893 441 2938 cogitavimus.

2166 2947 2191 2982 4
