2617 3295
7 676 61 717 22ng
79 688 90 696 κ

8 721 55 751 '‘Z-⁴
70 722 73 723 Ξ

2 757 59 791 ἶ,

5 807 7 811 .
22 791 52 821 ,ὃρ

5 896 20 911 ’κ

2 967 10 978 ³
31 966 39 981 ἰ

4 1125 44 1168 33.

0 1196 27 1329 Ξ

0 1333 22 1366 ξ’
34 1341 36 1344 >
51 1352 55 1354 .

0 1367 22 1389 γ,
55 1377 58 1380 ,

0 1546 31 1633 Ξ

0 1637 33 1668 ³4.

0 1655 25 1760 Ξ

0 1981 18 2030 ’ἐ
48 1991 53 1999 ,

0 2079 37 2117 kas..

0 2118 25 2187 Ξ
34 2142 55 2165 rx

0 2177 29 2245 Ξ
70 2212 73 2214 v

0 2237 29 2334 Ξ

0 2391 48 2424 ἃ,

0 2550 42 2630 2«.

38 2923 49 2940 Α

52 155 160 217 23³
148 166 389 223 ’σηπίη
412 166 595 210 iuvenem
619 165 839 208 studiosum
865 167 1097 221 praelongos
1122 165 1305 207 habuisse
1331 165 1541 206 sermones‘
1568 164 1788 217 experiendi
1812 165 1976 206 verbum
2001 180 2090 208 cum
2116 165 2337 209 accusativo
2357 161 2471 212 eum
2501 149 2538 217 ”13³
2560 213 2571 225 ‚

157 228 401 285 infinitivo
433 228 654 284 copulatum
689 229 890 293 videmus,
930 229 1033 284 quod
1065 228 1273 270 admodum
1307 241 1392 269 raro
1427 227 1511 269 fieri
1546 240 1572 268 a
1602 226 1796 282 Draegero
1831 227 2010 270 docemur
2042 229 2160 283 (Hist.
2194 229 2304 282 Synt.
2336 229 2392 274 lv
2425 233 2449 276 1

205 305 257 383 ξ
267 292 394 397 36ιίἑί
423 367 471 395 ea
501 366 604 407 quae
635 353 818 409 leguntur
850 354 888 406 5,
916 354 966 396 15
999 352 1197 406 ‚historiae
1228 366 1519 407 nonnumquam
1556 353 1714 395 ubertas
1750 354 1798 394 in
1834 353 2009 405 aliqua
2043 356 2310 396 exercendi
2345 355 2458 397 stili

206 422 347 470 parte
369 417 613 471 ponenda‘
639 420 812 470 proxime
839 417 986 458 accedit
1012 416 1141 457 Cicero
1170 417 1283 456 Tusc.
1311 416 1365 457 IV
1389 418 1441 457 42
1467 415 1741 469 ,aegritudines
1769 421 1971 469 susceptae
1998 418 2177 457 continuo
2204 419 2253 458 in
2279 432 2458 472 magna

206 481 362 534 pestis
392 484 533 533 parte
557 481 865 530 versantur‘,
903 479 1006 532 quod
1031 481 1244 520 rectissime
1270 479 1472 520 Madvicus
1500 479 1564 530 (de
1590 479 1675 519 Fin.
1702 493 1740 531 p.
1767 479 1862 532 224)
1895 480 1952 519 ita
1977 480 2157 531 explicat,
2192 485 2237 520 ut
2273 481 2376 521 idem
2403 483 2457 523 sit
2524 516 2539 533 ,

188 544 326 595 ‘atque
353 555 548 595 ,magnam
574 547 723 595 partem
750 543 973 582 continent‘.
1026 542 1251 591 Quintiliani
1278 541 1404 582 locum
1431 543 1547 595 igitur
1579 555 1658 581 non
1691 554 1847 594 prorsus
1874 543 2003 594 inepte
2035 544 2090 582 sic
2120 543 2351 584 reddideris:
2386 550 2456 595 ‚Ee

206 609 344 644 macho
379 608 495 644 einen
524 609 634 644 Thea
662 611 734 644 der
760 608 967 651 Seimbuny
1000 617 1084 654 aus,
1122 608 1184 643 die
1212 608 1325 642 R'mle
1353 610 1425 642 der
1450 607 1770 651 yeschichnicheu
1798 609 2032 651 Darlellwny
2057 608 2100 644 in
2127 606 2377 654 Απιυεηάιιηῤ
2403 619 2457 646 zu

207 667 395 716 brivtyen‘.
450 666 625 719 Denique
659 666 710 706 ad
744 679 791 707 ea
824 680 923 718 quae
951 665 1138 706 habemus
1174 667 1209 716 7,
1236 666 1287 705 23
1322 666 1471 717 ,deinde
1502 666 1688 719 paulatim
1725 666 1873 706 simul
1900 671 2070 707 euntes
2097 668 2317 719 aptabimus
2352 668 2455 709 vela‘

205 740 288 769 non
312 729 452 770 inutile
483 731 557 769 erit
583 741 772 780 apponere
799 741 981 780 graecum
1008 727 1226 779 exemplum
1254 729 1331 767 iam
1359 730 1399 768 in
1430 728 1669 768 scholasticis
1702 727 1811 767 libris
1843 728 2030 768 traditum
2066 727 2104 768 οἱ
2128 728 2312 782 Ἓλληνες
2346 729 2454 780 ἐμεί-

207 803 330 840 χοντο
358 790 447 840 ἅμα
472 789 756 841 πορευόμενοι.
798 791 881 841 (cfr.
910 790 1062 829 Curtius
1090 789 1153 828 Gr.
1182 790 1350 830 Gramm.
1380 792 1404 838 ξ
1430 792 1519 840 587,
1549 790 1601 842 1).

332 852 498 894 Possum
532 851 655 893 multa
686 852 764 892 alia
790 865 1087 893 commemorare
1111 850 1235 892 veluti
1262 866 1377 892 usum
1409 853 1660 905 comparativi
1696 853 1730 901 1,
1757 852 1810 893 94
1842 853 2035 903 tersior,
2071 853 2295 904 superlativi
2333 854 2368 903 1,
2397 855 2450 895 85

207 916 657 966 auspicatissimum
683 915 768 965 (cir.
795 915 978 965 Draegeri
1004 914 1107 952 Hist.
1136 914 1245 962 Synt.
1272 928 1309 965 p.
1337 916 1418 966 32),
1450 927 1608 966 possum
1642 914 1767 952 fusius
1801 914 1997 965 disputare
2024 914 2072 953 de
2099 915 2322 954 discrimine
2350 915 2455 967 quod

205 976 409 1017 intercedit
431 977 535 1017 inter
562 981 676 1016 sunt
702 990 793 1016 non
819 976 1018 1016 multum
1046 976 1342 1016 differentes
1371 977 1424 1028 (2,
1454 979 1517 1026 16)
1546 983 1585 1016 et
1611 976 1851 1016 differunt
1885 975 1968 1027 (cfr.
1996 976 2128 1016 Haase
2154 977 2205 1016 ad
2230 977 2449 1028 Reisigium

205 1039 296 1081 adn.
323 1040 401 1081 579
428 1044 469 1080 et
493 1039 588 1091 580)
616 1039 680 1079 vel
706 1039 755 1079 de
781 1039 1034 1079 deerrandi
1061 1038 1181 1078 verbo
1209 1039 1246 1089 3,
1274 1039 1327 1080 29
1362 1052 1447 1079 cum
1474 1039 1645 1080 ablativo
1673 1039 1875 1079 coniuncto
1912 1039 2081 1091 itemque
2116 1039 2162 1079 de
2197 1040 2454 1081 constandi

205 1103 315 1143 verbi
341 1103 501 1142 insolita
527 1104 814 1141 oonstructione
842 1101 891 1153 (e.
908 1115 944 1153 g.
972 1098 1109 1152 5,'23)‚
1136 1114 1293 1152 possum
1322 1104 1439 1141 etiam
1465 1102 1584 1141 verba
1608 1102 1733 1141 facere
1760 1102 1807 1140 de
1835 1101 2026 1140 adiectivo
2053 1101 2276 1154 diversus
2302 1102 2357 1154 (3,
2384 1102 2453 1154 17)

205 1165 309 1205 idem
334 1164 450 1217 plane
476 1164 720 1216 significante
745 1169 861 1215 atque
887 1164 1113 1203 adversus
1141 1162 1226 1214 (cfr.
1245 1163 1532 1204 Reifferscheidi
1558 1163 1734 1203 analecta
1761 1164 1841 1203 crit.
1870 1168 1909 1202 et
1930 1177 2090 1215 gramm.
2117 1164 2202 1203 lect.
2231 1169 2304 1203 cat.
2333 1165 2454 1210 77178

206 1239 244 1280 p.
272 1227 328 1278 8),
356 1226 425 1266 scd
450 1239 530 1266 non
557 1226 726 1266 dilatabo
754 1227 969 1266 orationem
996 1238 1134 1275 meam,
1162 1226 1303 1265 etenim
1329 1230 1458 1278 potest
1484 1238 1569 1266 esse
1594 1226 1759 1275 infinita,
1786 1225 1819 1265 si
1837 1224 1933 1265 mihi
1958 1225 2079 1266 libeat
2105 1226 2234 1266 omnia
2249 1225 2365 1266 huius
2384 1239 2452 1279 ge-

204 1290 311 1329 neris
336 1301 552 1341 congerere,
580 1302 680 1339 quae
708 1293 777 1327 aut
802 1290 1075 1340 praetermissa
1101 1293 1192 1327 sunt
1220 1289 1268 1327 ab
1297 1289 1506 1328 editoribus
1533 1294 1601 1328 aut
1627 1288 1801 1328 consulto
1828 1288 2017 1339 neglecta.

331 1351 405 1401 Qui
431 1351 560 1404 paullo
587 1352 861 1392 accuratiorem
885 1350 1112 1399 Quintiliani
1131 1352 1314 1391 notitiam
1341 1351 1415 1391 sibi
1436 1352 1724 1403 comparaverit,
1752 1363 1831 1390 non
1853 1351 2056 1402 ignorabit,
2085 1364 2200 1401 quam
2224 1350 2359 1390 multis
2385 1351 2454 1390 ad-

204 1413 281 1454 huc
294 1426 487 1466 quamque
507 1414 692 1466 gravibus
710 1413 859 1452 mendis
877 1412 950 1452 hoc
964 1414 1208 1465 antiquitatis
1222 1418 1511 1453 monumentum
1531 1413 1777 1461 deformetur,
1796 1412 1936 1464 quibus
1953 1412 2125 1452 eluendis
2139 1425 2275 1464 parum
2290 1413 2454 1453 subsidii

204 1476 361 1527 saepius
382 1476 544 1526 codices,
572 1480 760 1527 quotquot
781 1474 968 1514 hactenus
989 1475 1119 1514 collati
1142 1480 1244 1525 sunt,
1275 1476 1530 1526 suppeditent.
1579 1476 1725 1514 Planus
1754 1480 1862 1527 patet
1883 1487 2039 1525 campus
2071 1474 2269 1513 divinandi
2291 1479 2331 1514 et
2361 1488 2454 1515 con-

204 1537 385 1588 iectandi,
417 1538 458 1578 in
485 1550 600 1590 quem
626 1550 689 1576 me
715 1550 865 1590 quoque
893 1541 935 1576 ut
960 1537 1208 1589 progrederer
1234 1538 1388 1578 animus
1414 1537 1611 1588 incitabat,
1639 1551 1803 1589 cumque
1828 1537 1912 1578 fieri
1929 1550 2007 1581 non
2025 1540 2167 1589 posset,
2195 1537 2287 1589 quin
2305 1536 2456 1589 aliquot

202 1599 300 1641 locis
318 1600 521 1653 vulgatam
536 1615 561 1640 a
582 1600 842 1652 superioribus
863 1601 1088 1652 scripturam
1104 1601 1217 1640 certis
1230 1601 1444 1640 rationibus
1464 1605 1660 1652 permotus
1681 1601 1906 1649 desererem,
1929 1600 2126 1640 nonnullis
2146 1600 2264 1639 etiam
2278 1601 2452 1641 codicum

202 1662 409 1704 lectionem
428 1676 453 1702 a
471 1662 707 1715 corruptelae
726 1664 944 1714 suspicione
961 1662 1211 1713 vindicarem,
1239 1663 1286 1702 de
1307 1661 1526 1703 hujusmodi
1546 1663 1640 1704 locis
1661 1662 1792 1715 paullo
1813 1662 1936 1702 fusius
1958 1675 2061 1702 nunc
2079 1662 2275 1713 disputare
2296 1664 2453 1715 placuit,

203 1729 250 1764 ut
268 1724 378 1776 *quod
402 1725 512 1764 initio
537 1725 731 1776 proposui,
758 1724 921 1776 denique
946 1730 1193 1776 praestarem.
1233 1726 1284 1764 Et
1311 1726 1494 1776 quoniam
1520 1727 1560 1764 in
1585 1726 1718 1777 paucis
1745 1729 1901 1777 propter
1926 1725 2041 1775 spatii
2067 1723 2299 1764 brevitatem
2325 1727 2453 1766 consi·

202 1786 384 1827 utendum
412 1791 485 1837 est,
512 1787 714 1827 duodecim
740 1799 788 1826 ex
813 1788 949 1838 primo,
977 1786 1111 1837 altero,
1139 1787 1285 1826 decimo
1313 1786 1409 1826 libro
1437 1787 1681 1839 depromptos
1707 1787 1813 1827 locos
1838 1786 2170 1838 pertractabimus.

328 1848 349 1889 I
376 1849 412 1900 7,
439 1849 490 1890 21
526 1850 617 1899 ‚iam
643 1849 839 1901 „optimus
866 1850 1096 1900 maximus“,
1123 1854 1167 1889 ut
1194 1849 1362 1888 mediam
1390 1849 1406 1889 1
1432 1848 1618 1900 litteram,
1653 1862 1751 1902 quae
1777 1848 1972 1888 veteribus
2000 1860 2030 1889 u
2056 1849 2193 1899 fuerat,
2228 1850 2453 1901 acciperent,

202 1912 278 1954 Gai
302 1912 469 1965 primum
496 1911 672 1953 Caesaris
697 1912 1023 1964 inscriptione
1049 1911 1216 1953 traditur
1242 1912 1412 1952 factum‘.
1472 1912 1631 1952 Duabus
1658 1912 1905 1965 potissimum
1938 1911 1986 1952 de
2013 1913 2140 1952 causis
2173 1913 2249 1952 viri
2283 1912 2384 1953 docti
2410 1914 2453 1953 in

201 1974 278 2015 hoc
303 1974 388 2016 loco
413 1974 641 2025 haeserunt,
676 1976 859 2027 primum,
896 1975 998 2025 quod
1024 1988 1182 2027 prorsus
1207 1976 1389 2025 nescitur,
1418 1987 1606 2027 quaenam
1633 1976 1834 2026 inscriptio
1860 1975 2079 2027 significata
2105 1976 2177 2025 sit,
2211 1979 2294 2014 tum
2321 1976 2451 2025 etiam,

203 2037 307 2088 quod
334 2036 531 2077 ablativus
558 2038 828 2087 ,inscriptione‘
858 2038 913 2076 sic
944 2036 1047 2075 nude
1082 2038 1233 2089 positus
1265 2037 1356 2076 ferri
1390 2038 1611 2089 neutiquam
1644 2041 1783 2089 potest.
1835 2038 1958 2088 Atque
1991 2036 2152 2076 alteram
2186 2036 2451 2076 difficultatem

198 2099 386 2140 Halmius
417 2098 554 2139 tollere
581 2098 656 2138 sibi
681 2100 791 2139 visus
819 2103 892 2148 est,
921 2112 1009 2139 cum
1037 2105 1128 2138 ante
1156 2099 1252 2149 ,Gai‘
1280 2100 1330 2138 in
1356 2099 1595 2138 adiciendum
1623 2099 1813 2148 suaderet,
1848 2098 2011 2138 alteram
2039 2112 2198 2149 eamque
2224 2111 2302 2137 non
2328 2099 2452 2137 mino-

192 2174 285 2201 .rem
309 2161 377 2201 ille
402 2161 559 2213 quidem
585 2161 777 2212 patienter
803 2160 996 2211 toleravit,
1024 2160 1092 2199 alii
1119 2161 1346 2200 coniecturis
1373 2174 1567 2200 removere
1594 2161 1836 2200 studuerunt.
1890 2160 2061 2209 Quarum
2087 2159 2198 2199 nulla
2225 2160 2338 2199 nobis
2364 2173 2452 2212 pro·

202 2223 329 2266 batur.
369 2223 468 2264 Nam
495 2222 598 2274 quod
615 2221 929 2273 A(mbrosianus)
963 2222 1084 2262 codex
1108 2223 1267 2274 praebet
1292 2224 1621 2262 instructione
1648 2246 1700 2252 —
1727 2223 1872 2262 scilicet
1895 2222 2038 2262 veteris
2056 2222 2218 2262 alicuius
2236 2222 2455 2274 interpretis

201 2287 425 2336 inventum,
460 2286 635 2337 ineptum
663 2288 743 2335 est,
779 2284 814 2324 si
841 2285 995 2337 quidem
1021 2287 1354 2326 instructione
1388 2286 1521 2325 eodem
1548 2299 1665 2326 sensu
1692 2290 1809 2337 atque
1834 2289 2011 2325 nostrum
2043 2286 2220 2334 ,Besehl‘
2248 2298 2272 2324 a
2298 2284 2451 2331 Quinti-

203 2348 309 2388 liano
337 2348 483 2387 dictum
510 2359 597 2386 esse
622 2347 689 2385 vix
708 2347 913 2398 quisquam
931 2347 1007 2386 sibi
1032 2347 1282 2398 persuadebit
1308 2359 1353 2385 ac
1380 2360 1428 2385 ne
1454 2349 1520 2386 vix
1546 2347 1713 2400 quidem.
1755 2348 1837 2398 (cfr.
1855 2347 2060 2387 Krebsium
2087 2346 2159 2386 sub
2179 2345 2217 2385 h.
2233 2360 2271 2385 v.
2290 2360 2327 2397 p.
2346 2347 2452 2398 604).

203 2410 315 2461 Quod
342 2415 472 2451 autem
498 2409 665 2449 Henrico
684 2409 810 2449 Keilio
838 2411 879 2449 in
906 2414 1075 2449 mentem
1101 2412 1220 2460 venit,
1248 2410 1665 2462 inscriptionibus
1692 2410 1936 2450 scribendum
1961 2423 2059 2460 esse,
2088 2407 2280 2460 opinabile
2299 2408 2453 2459 quidem

197 2477 285 2524 vest,
321 2485 400 2513 non
425 2476 556 2512 autem
583 2471 780 2523 probabile
813 2476 967 2524 propter
1001 2473 1195 2524 quandam
1228 2473 1604 2524 inscriptionum
1640 2472 1946 2525 ambiguitatem.
1998 2472 2130 2524 Neque
2157 2471 2260 2510 enim
2285 2484 2365 2511 una
2390 2472 2451 2511 in-

202 2536 423 2587 scriptione,
458 2539 502 2574 ut
527 2536 605 2574 iam
634 2538 736 2573 recte
764 2533 999 2575 Claussenus
1027 2535 1315 2585 animadvertit,
1344 2547 1466 2586 neque
1491 2535 1691 2574 titulorum
1718 2536 1838 2587 copia,
1874 2535 1991 2574 immo
2020 2534 2247 2573 auctoritate
2275 2531 2453 2573 Caesaris

192 2597 270 2640 -illa
295 2597 462 2637 mutatio
488 2595 591 2637 facta
608 2600 680 2636 est.
721 2595 1002 2650 Claussenus*)
1029 2599 1114 2649 ipsa
1132 2598 1447 2637 institutione
1469 2597 1704 2649 periclitatus
1724 2602 1795 2646 est,
1823 2597 1892 2637 sed
1913 2610 2029 2648 quam
2047 2600 2150 2635 recto
2168 2608 2297 2647 sensu,
2324 2607 2455 2647 neque

200 2661 285 2713 ipse
311 2659 444 2700 docuit
468 2671 595 2710 neque
622 2660 828 2710 quisquam
855 2659 1018 2699 docebit.
1071 2660 1230 2699 Videtur
1261 2660 1297 2700 ei
1332 2658 1409 2698 tale
1444 2660 1535 2712 quid
1563 2660 1812 2700 obversatum
1847 2673 1933 2699 esse
1968 2657 2082 2709 quale
2108 2661 2283 2697 nostrum
2308 2661 2450 2708 ,Neue-

201 2736 325 2773 runq,
362 2725 613 2769 erstmutiqer
642 2724 881 2773 Gebrauch‘,
914 2735 1007 2761 nam
1034 2722 1212 2774 exempla
1247 2734 1346 2774 quae
1373 2722 1497 2762 adfert
1523 2727 1566 2763 ut
1592 2735 1702 2762 suam
1730 2724 1813 2774 ipse
1839 2721 1974 2761 fulciat
2007 2721 2279 2771 coniecturam,
2316 2718 2453 2759 verbi

327 2856 360 2899 2)
384 2855 609 2898 quaestiones
632 2855 886 2898 Quintiliancae
908 2866 939 2901 p.
962 2858 1032 2893 331.
