2617 3295
1277 96 1339 141 15

1138 239 1451 297 namnum
1477 221 1480 223 ’

113 385 116 388 Δ
185 338 325 378 1111111111
351 338 392 375 111
419 334 577 376 111οᾶ11111
603 335 774 387 positum
798 335 959 374 occurrit
985 335 1027 373 in
1051 333 1183 373 Halmi
1209 335 1376 375 editione
1407 335 1445 384 2,
1474 334 1521 374 17
1558 335 1734 387 ,ideoque
1760 336 1828 386 qui
1853 335 2005 375 horride
2030 339 2147 387 atque
2173 336 2423 389 incomposite

183 398 370 453 quidlibet
390 397 485 438 illud
506 397 687 450 frigidum
709 400 747 436 et
765 397 880 436 inane
905 395 1134 448 extulerunt,
1159 397 1327 449 antiquis
1346 410 1388 437 se
1404 409 1516 450 pares
1534 396 1716 438 credunt‘.
1749 398 1834 438 Non
1859 398 1956 439 satis
1970 410 2031 438 me
2047 397 2270 451 intellegere
2286 399 2422 451 fateor,

184 474 299 514 quam
312 474 406 501 sano
426 473 573 500 conexu
592 459 836 511 quidlibet
853 459 891 498 h.
912 473 944 498 e.
963 463 1115 509 ‚iryend
1134 465 1256 497 etwas
1270 461 1479 506 betiebiqes‘
1494 472 1579 498 cum
1592 462 1818 511 pronomine
1837 461 1959 510 illud
1976 460 2014 499 h.
2029 473 2061 499 e.
2081 458 2204 510 ‚fimes
2220 463 2426 500 bekannte‘

185 524 394 564 consociari
419 524 555 575 possit.
607 521 669 561 Me
696 522 821 561 iudice
847 525 915 561 aut
941 520 1214 574 quamlibet
1247 520 1370 560 illud
1405 521 1638 572 frigidum
1668 536 1754 562 cum
1781 522 1910 562 codice
1935 523 2157 562 Monacensi
2182 523 2425 564 scribendum

185 589 258 638 est,
284 585 325 625 id
351 585 452 639 quod
469 583 694 625 Bonnellius
722 583 865 634 aliique
884 583 1053 624 fecerunt
1079 582 1287 624 secundum
1313 582 1407 623 illud
1433 583 1469 635 3,
1492 584 1540 624 19
1568 585 1620 635 ,in
1645 584 1735 625 stilo
1754 584 1966 638 quamlibet
1982 587 2208 638 properato‘,
2235 589 2276 627 et
2300 584 2425 639 expli-

185 649 366 688 candum:
393 653 497 698 ,jene
523 661 636 687 wem:
664 653 763 686 auch
789 652 889 686 noch
916 661 958 685 so
984 651 1099 694 yeist-
1127 652 1210 684 und
1236 651 1473 693 yehaltlosen
1499 650 1880 696 aedanlcenqebilde‘.
1923 648 1995 697 cfr.
2015 647 2292 687 Buttmannum
2317 648 2426 702 apud

187 709 454 764 Spaldingium
471 711 505 750 V
522 724 558 762 p.
577 710 655 751 420
682 710 873 762 ,quamvis
898 708 993 749 illud
1011 708 1113 761 quod
1139 709 1299 748 efferunt
1325 710 1375 749 sit
1392 709 1584 761 frigidum,
1612 723 1697 749 cum
1716 715 1848 749 contra
1864 715 2017 750 vetere-s
2035 709 2092 749 illi
2112 710 2315 761 magnifice
2333 723 2423 751 sen»

186 774 316 825 serint,
341 772 494 814 horride
513 772 652 813 elocuti
674 773 776 823 sint‘,
803 776 871 812 aut
887 771 1012 811 illud
1029 795 1081 802 —
1107 772 1142 811 si
1161 772 1223 811 cui
1240 770 1312 811 hoc
1329 785 1407 812 11011
1425 775 1555 811 tamen
1574 771 1620 811 de
1638 771 1758 812 nihilo
1785 786 1870 813 esse
1887 773 2078 823 videatur,
2106 786 2154 812 ex
2172 777 2282 813 textu
2305 786 2420 825 quem

182 840 325 875 vocant
350 835 623 874 removendum
650 840 730 885 est,
765 836 904 886 quippe
930 834 1032 885 quod
1059 833 1171 873 facile
1196 833 1438 873 librariorum
1465 833 1611 872 calamo
1644 833 1825 873 subnasci
1849 835 2015 886 potuerit
2047 838 2203 886 propter
2229 834 2424 886 quandam

185 898 492 938 antecedentium
518 897 793 937 vocabulorum
821 896 1123 936 similitudinem.

308 959 386 999 Res
412 960 497 1012 ipsa
522 957 717 1011 postulare
742 958 894 999 videtur
919 961 963 998 ut
989 957 1036 997 de
1062 957 1308 1009 sequentibus
1333 956 1462 999 verbis
1488 971 1610 1010 pauca
1636 957 1786 998 addam.
1853 957 2038 1011 Vulgatur
2064 958 2113 999 ab
2139 957 2314 1000 Halmio:
2344 960 2424 1012 ,qui

185 1026 317 1061 carent
342 1022 448 1061 cultu
473 1026 589 1072 atque
615 1022 829 1071 sententiis,
862 1021 979 1061 Attici
1006 1020 1159 1069 scilicet,
1196 1021 1261 1070 qui
1291 1021 1470 1071 praecisis
1498 1020 1807 1061 conclusionibus
1841 1021 2007 1071 obscuri,
2045 1021 2274 1060 Sallustium
2305 1026 2422 1074 atque

186 1082 450 1132 Thucydidem
477 1088 669 1135 super-,ant
696 1085 826 1123 tristes
853 1096 898 1122 ac
923 1083 1044 1122 ieiuni
1061 1081 1273 1121 Pollionem
1300 1081 1552 1132 aemulantur,
1581 1084 1695 1122 otiosi
1721 1088 1760 1122 et
1785 1084 1925 1133 supini,
1952 1085 1987 1122 si
2013 1084 2105 1134 quid
2129 1083 2243 1122 modo
2269 1082 2423 1136 longius

176 1145 528 1202 circumduxerunt,
556 1146 686 1184 iurant
710 1146 768 1184 ita
786 1144 1004 1184 Ciceronem
1029 1143 1246 1183 locuturum
1273 1143 1417 1182 fuisse‘.
1464 1144 1585 1183 Totus
1611 1144 1719 1184 loeus
1747 1146 1923 1197 quamvis
1948 1144 2077 1196 paullo
2103 1144 2253 1197 longior
2278 1144 2422 1186 adscri-

185 1207 334 1248 bendus
360 1211 459 1258 erat,
494 1211 539 1246 ut
566 1209 781 1247 accuratius
807 1208 927 1247 totius
954 1206 1137 1247 orationis
1166 1206 1415 1246 conformatio
1441 1208 1601 1258 perspici
1627 1211 1771 1258 posset.
1825 1207 1908 1259 Ego
1936 1206 2039 1246 enim
2065 1219 2142 1246 non
2169 1205 2355 1247 abhorreo
2373 1206 2423 1246 ab

179 1283 227 1309 ea
253 1271 470 1322 suspicione
496 1283 611 1322 quam
636 1271 781 1322 primus
806 1269 1052 1321 Spaldingius
1078 1269 1212 1318 movit,
1241 1282 1325 1308 cum
1351 1268 1492 1309 diceret
1519 1268 1590 1309 1100
1620 1269 1701 1309 1000
1729 1273 1819 1321 post
1845 1270 1988 1319 ,Attici‘
2014 1270 2162 1310 incuria
2177 1269 2421 1309 librariorum

184 1336 298 1372 sunt
315 1333 501 1372 omissum
527 1344 624 1372 esse.
663 1332 824 1372 Videtur
849 1332 985 1384 copula
1009 1342 1166 1383 prorsus
1192 1331 1409 1371 necessaria
1434 1344 1520 1371 esse
1537 1335 1692 1384 propter
1706 1332 1890 1371 maiorem
1908 1331 2163 1371 membrorum
2181 1330 2422 1384 singulorum

185 1394 511 1447 aequabilitatem,
536 1399 580 1435 ut
606 1395 799 1435 scilicet
825 1394 996 1434 adverbii
1023 1396 1101 1434 vis
1128 1395 1312 1433 ironica
1330 1399 1368 1433 et
1387 1394 1438 1433 ad
1465 1396 1578 1444 ,sunt‘
1606 1399 1749 1445 spectet
1770 1399 1809 1433 et
1827 1394 1876 1433 ad
1903 1396 2108 1446 ,superant‘
2135 1399 2174 1434 et
2198 1394 2249 1434 ad
2275 1407 2422 1446 ,aemu-

182 1457 323 1498 lantur‘
351 1461 390 1497 et
415 1457 465 1497 ad
493 1458 654 1508 ,iurant‘,
681 1457 721 1496 id
747 1457 848 1509 quod
874 1457 1120 1509 Spaldingius
1145 1458 1271 1508 magis
1297 1458 1464 1496 sensisse
1489 1470 1603 1508 quam
1629 1456 1818 1496 indicasse
1844 1456 2007 1497 videtur.

308 1519 492 1570 Superest
516 1531 725 1570 pronomen

1134 1633 1471 1691 Quisquam.

307 1740 343 1768 a.
378 1725 568 1768 Adiectivi
593 1740 751 1768 munere
784 1726 957 1780 fungitur
981 1728 1023 1768 in
1047 1726 1127 1768 his:
1164 1727 1201 1778 2,
1229 1728 1253 1769 6
1281 1740 1378 1778 ,011111
1403 1726 1461 1768 1111
1488 1727 1553 1778 qui
1578 1724 1728 1767 nullum
1762 1727 1991 1778 cuiusquam
2016 1728 2068 1767 rei
2097 1726 2315 1768 habuerunt
2340 1740 2423 1768 ma·

184 1791 358 1841 gistrum,
392 1790 556 1841 plurima
588 1792 628 1830 in
660 1795 834 1843 posteros
861 1790 1100 1829 tradiderint‘
1126 1794 1167 1829 et
1204 1790 1238 1841 7,
1265 1790 1289 1829 3
1316 1802 1427 1842 ,quae
1454 1802 1545 1828 vero
1571 1790 1717 1842 patitur
1742 1788 1815 1829 hoc
1841 1791 1952 1841 ratio,
1988 1793 2031 1829 ut
2064 1791 2268 1843 quisquam
2300 1790 2425 1842 possit

184 1857 313 1892 orator
338 1852 545 1904 aliquando
573 1855 746 1892 omittere
773 1854 911 1902 casus‘,
949 1865 1062 1904 quem
1088 1854 1324 1904 pronominis
1357 1865 1469 1891 usum
1498 1852 1626 1891 Cicero
1661 1852 1811 1891 duobus
1838 1852 2104 1891 tantummodo
2130 1852 2227 1891 locis
2253 1852 2421 1902 admisit,

186 1915 223 1953 si
248 1913 402 1966 quidem
429 1914 480 1953 ad
504 1915 583 1954 Att.
609 1913 696 1965 XII,
723 1915 774 1955 23
801 1914 1066 1967 ,quibusquam
1093 1914 1265 1953 amoenis
1291 1912 1398 1953 locis‘
1427 1913 1640 1953 cotidianae
1666 1912 1848 1964 loquendi
1875 1913 2142 1954 consuetudini
2175 1918 2276 1954 recte
2309 1914 2421 1953 attri-

189 1976 354 2016 buimus.
396 1976 490 2015 Vide
516 1976 679 2015 Hasium
707 1977 757 2016 ad
781 1976 926 2027 Reisig.
954 1978 1005 2027 (p.
1033 1976 1108 2015 347
1136 1975 1225 2015 adn.
1248 1976 1341 2029 361)
1369 1975 1560 2015 Ciceronis
1586 1976 1692 2014 locos
1719 1976 1954 2015 adferentem
1981 1978 2020 2015 in
2046 1977 2149 2016 Verr.
2177 1977 2215 2015 Π
2240 1977 2277 2026 6,
2306 1976 2354 2016 17
2383 1981 2423 2016 et

187 2037 222 2077 V
246 2037 310 2088 54,
338 2038 411 2078 141
441 2043 480 2077 et
506 2052 604 2087 eum,
634 2039 758 2089 quode
784 2039 898 2078 modo
926 2038 1106 2077 diximus.

311 2099 348 2139 b.
387 2100 493 2148 Quae
526 2100 699 2151 producit
731 2100 953 2139 testimonia
977 2099 1191 2151 Draegerus
1223 2113 1260 2151 p.
1288 2100 1335 2139 81
1370 2104 1414 2145 ut
1439 2100 1604 2140 illustret
1629 2101 1865 2151 pronominis
1901 2101 2126 2152 ,quisquam‘
2153 2114 2280 2140 rarum
2306 2113 2422 2140 usum

187 2162 438 2214 praecedente
464 2162 652 2214 particula
678 2162 787 2202 finali
812 2163 1004 2214 negativa,
1032 2174 1173 2213 augere
1198 2166 1347 2213 poterat
1364 2162 1496 2202 addito
1527 2164 1560 2213 1,
1586 2162 1639 2201 45
1666 2162 1790 2212 ,facile
1808 2168 1867 2202 est
1884 2168 2014 2202 autem
2032 2162 2227 2213 studiosis,
2254 2163 2321 2215 qui
2343 2162 2423 2202 sint

184 2223 247 2264 his
273 2223 469 2274 simillimi,
497 2225 664 2263 iudicare
690 2238 739 2263 ne
767 2226 1027 2276 quisquam
1054 2228 1235 2275 queratur
1261 2225 1422 2263 omissos
1448 2225 1546 2264 forte
1573 2224 1747 2275 aliquos‘.

310 2299 340 2326 0.
375 2287 497 2337 Atque
524 2287 718 2338 egregiam
743 2287 975 2339 paucitatem
1002 2299 1133 2325 eorum
1152 2285 1333 2336 1000111111,
1360 2286 1428 2326 11111
1455 2287 1682 2339 ,quisquam‘
1713 2288 1754 2325 in
1781 2287 2041 2326 enuntiatione
2068 2299 2161 2325 vera
2187 2286 2425 2327 affirmativa

186 2349 392 2399 invenitur,
430 2348 562 2388 fulcire
588 2353 738 2400 poterat
768 2348 886 2389 allato
916 2350 950 2399 1,
978 2349 1029 2390 60
1056 2348 1273 2401 ,plurimum
1306 2350 1506 2401 sanguinis
1534 2352 1648 2401 atque
1674 2362 1877 2389 nervorum
1904 2349 1960 2399 (in
1986 2346 2227 2400 Archilocho)
2256 2349 2353 2390 adeo
2380 2354 2425 2398 111

103 2456 110 2458 s
185 2409 365 2450 videatur
383 2410 623 2462 quibusdam,
651 2412 752 2462 quod
778 2425 870 2462 quo
882 2425 1023 2463 quam
1050 2413 1175 2450 minor
1193 2416 1263 2461 est,
1290 2414 1474 2451 materiae
1492 2425 1590 2461 esse,
1616 2424 1693 2450 non
1711 2412 1853 2462 ingenii
1870 2411 2032 2450 vitium‘.
2073 2411 2316 2461 Quamquam
2340 2411 2425 2451 fieri

183 2476 324 2522 potest,
338 2476 382 2511 ut
396 2472 610 2523 Draegerus
631 2473 678 2511 de
699 2472 872 2512 lectionis
885 2473 1050 2512 veritate
1074 2472 1319 2522 dubitaverit,
1340 2472 1441 2523 quod
1456 2473 1557 2512 idem
1572 2474 1649 2512 iam
1663 2472 1726 2512 alii
1743 2476 1831 2512 ante
1845 2484 1933 2510 eum
1946 2471 2127 2511 fecerunt.
2161 2472 2306 2525 Nempe
2321 2474 2423 2513 enim

186 2532 425 2573 offenderunt
437 2536 478 2573 in
493 2535 727 2574 affirmativa
734 2535 924 2574 enuntiati
938 2534 1247 2585 conformatione,
1263 2548 1348 2575 cum
1362 2535 1601 2586 exploratum
1615 2534 1800 2573 haberent
1817 2534 2045 2584 ‚quisquam‘
2059 2535 2215 2573 nonnisi
2230 2536 2425 2586 negativis

187 2595 387 2634 sententiis
412 2596 531 2635 inseri
561 2596 708 2635 debere.
751 2596 857 2634 Haec
885 2600 968 2635 erat
988 2608 1116 2646 causa,
1145 2609 1210 2635 cur
1230 2596 1285 2635 illi
1305 2596 1458 2647 quidem
1480 2609 1564 2634 cum
1583 2595 1779 2634 Bonnellio
1803 2595 2021 2645 quopiam
2044 2600 2113 2634 aut
2132 2609 2220 2635 cum
2242 2592 2425 2636 Genslero

184 2655 474 2708 quandoque
496 2661 564 2697 aut
586 2671 670 2698 cum
684 2656 909 2697 Frotschero
931 2656 1163 2709 quondam
1185 2659 1315 2711 reponi
1332 2657 1515 2698 iuberent.
1549 2657 1600 2698 Et
1613 2670 1652 2696 10
1674 2669 1767 2697 vera
1781 2657 1815 2696 si
1837 2660 1918 2696 tam
1939 2657 2089 2710 exiguis
2111 2659 2285 2698 terminis
2306 2656 2426 2700 huius

184 2719 424 2770 pronominis
445 2733 540 2759 usus
562 2722 867 2771 circumscriptus
886 2726 999 2769 esset,
1027 2734 1143 2771 quam
1160 2721 1217 2760 illi
1235 2722 1309 2760 sibi
1324 2725 1603 2772 persuaserunt,
1631 2721 1747 2758 etiam
1765 2732 1837 2758 nos
1864 2732 2098 2770 quoquam
2124 2733 2303 2772 respuere
2328 2721 2427 2761 nulli

182 2779 461 2821 dubitaremus,
518 2781 624 2822 Nihil
651 2783 754 2823 enim
779 2782 916 2823 falsius
943 2783 1103 2835 cogitari
1129 2787 1257 2835 potest
1289 2796 1402 2836 quam
1428 2782 1516 2823 huic
1542 2781 1623 2822 loco
1650 2782 1875 2834 negativum
1907 2794 2063 2822 sensum
2095 2795 2279 2834 asserere,
2312 2797 2428 2836 quem

182 2842 302 2895 vulgo
334 2843 454 2883 talem
480 2840 714 2884 locutionem
740 2845 882 2886 habere
907 2845 1012 2885 haud
1037 2846 1257 2886 infitiamur.
1308 2845 1382 2886 Sed
1408 2845 1469 2885 hic
1497 2844 1610 2897 ,quod
1638 2858 1829 2897 quoquam
1855 2845 1980 2884 minor
2005 2845 2075 2884 est‘
2101 2857 2180 2884 non
2197 2845 2301 2887 idem
2321 2846 2429 2887 valet

178 2909 298 2958 atque
325 2906 462 2958 ,minor
489 2910 551 2947 est
577 2921 693 2959 quam
723 2910 867 2949 omnes‘
896 2909 980 2949 sive
1007 2908 1081 2960 ,vel
1099 2910 1281 2950 minimus
1299 2910 1382 2959 est‘,
1410 2908 1478 2948 sed
1504 2906 1582 2947 sere
1600 2907 1704 2947 idem
1722 2907 1914 2959 significat
1932 2912 2048 2960 atque
2076 2908 2213 2959 ,minor
2230 2915 2291 2949 est
2311 2922 2429 2961 quam
2457 2934 2459 2937 ·
2522 2901 2527 2905 ⁸
2580 2921 2611 2934 ··
