2617 3295
1311 93 1382 142 12!

90 320 118 336 .,
148 286 171 299 ”
223 291 588 346 igini—Druegerus
613 291 655 331 in
679 289 780 332 libro
808 304 879 332 suo
906 293 1045 332 itemm
1076 295 1192 342 atque
1219 290 1373 340 saepius
1398 289 1592 331 laudando
1618 304 1654 342 p.
1683 290 1754 330 73:
1789 295 1862 342 ,Im
1887 293 2071 340 neqireen
2106 295 2205 331 sarz
2229 294 2336 331 wira
2359 295 2468 339 nicht

89 390 95 398 .
225 357 507 407 diffiniam
533 358 601 393 den
625 356 698 393 mit
724 353 911 405 aliquis
938 356 1210 393 bezeichneten
1227 355 1419 403 Beyriffes
1435 358 1645 403 qeteuynet,
1672 358 1845 393 nondern
1874 359 1945 393 das
1963 356 2205 402 affirmative
2226 357 2468 394 Veertniu

149 457 154 467 ,
222 420 277 458 int
298 421 550 466 varunnam,
575 420 723 456 kommt
750 421 847 456 aber
863 419 972 455 nicht
995 426 1074 454 zur
1091 416 1367 462 Anwendunq‘.
1401 415 1467 455 cfr.
1494 416 1610 455 etiam
1628 415 1760 456 Haase
1781 415 1830 456 ad
1846 415 2061 469 Reisig-ium
2087 429 2123 469 p.
2142 415 2219 457 339
2246 416 2334 457 adn.
2352 416 2442 467 352.

354 491 393 530 b.
431 488 478 529 In
515 489 846 529 enuntiationibus
881 487 1206 527 condicionalibus
1246 488 1360 527 modo
1398 488 1585 540 aliquis
1618 487 1732 527 modo
1766 490 1891 540 quis
1913 488 2174 537 Quintilianus
2211 488 2331 529 habet
2362 495 2464 530 certo

225 552 445 593 discrimine
470 551 731 591 intercedente
756 550 873 601 nullo,
900 550 977 589 nisi
1002 549 1102 589 forte
1129 550 1214 601 quis
1250 551 1297 598 ,si
1324 551 1490 602 aliquis‘,
1522 563 1651 600 ,wenn
1676 554 1901 598 uberhaupt
1925 552 2119 600 Jemand‚‘
2143 564 2271 600 ,wenn
2298 555 2363 591 ein
2388 557 2467 591 Be*-

225 607 432 655 seanmter‘
459 615 509 665 ,si
526 614 626 667 quis‘
652 626 779 664 ,wenn
796 614 989 653 vieneicht
1003 613 1140 650 Einer‘
1157 616 1308 652 vertere
1326 612 1487 653 mavult.
1525 612 1612 653 Duo
1631 612 1806 666 exempla
1824 613 2037 654 exscribere
2054 613 2150 654 satis
2169 614 2257 654 erit:
2286 614 2324 665 2,
2342 615 2394 657 23
2419 616 2467 667 ,si

226 679 417 730 asperitas
443 679 494 717 iis
519 677 664 728 placuit
688 677 881 725 alicuius‘,
920 677 955 724 7,
982 676 1008 714 2
1037 687 1210 726 ,quarum
1238 677 1272 714 si
1298 688 1375 726 qua
1401 690 1477 716 non
1505 676 1587 715 dico
1620 676 1879 728 cuicunque*)
1910 677 2171 717 innocentium
2204 678 2363 729 civium,
2397 678 2467 727 sed

225 742 438 782 amicorum
463 752 509 780 ac
534 740 830 791 propinquorum
857 737 972 778 alicui
997 738 1192 777 evenerit‘.
1220 761 1271 767 —-

1220 894 1472 950 {pandam

227 1002 437 1043 pronomen
472 1003 497 1031 a
523 989 705 1031 Cicerone
732 1001 1007 1041 saepenumero
1043 988 1092 1029 ad
1118 989 1199 1028 vim
1225 988 1500 1041 audaciamque
1525 988 1704 1041 loquendi
1740 988 1994 1042 mitigandam
2029 988 2201 1029 adhiberi
2236 988 2469 1041 adiungique

226 1054 345 1093 etiam
372 1054 508 1104 ,quasi‘
541 1053 607 1093 vel
631 1053 866 1103 ,tamquamg
894 1056 940 1091 ut
965 1053 1102 1102 quasi
1129 1051 1324 1102 quidam
1350 1052 1413 1091 vel
1439 1057 1530 1091 tam
1540 1066 1675 1104 quam
1702 1052 1859 1103 quidam
1885 1052 2073 1103 dicantur,
2101 1053 2186 1104 quis
2204 1056 2264 1091 est
2280 1055 2467 1102 nostrum,

226 1128 342 1167 quem
367 1114 442 1155 hoc
467 1115 735 1167 praeterierit?
773 1113 917 1154 Plenae
945 1118 1036 1153 sunt
1063 1126 1195 1153 omnes
1224 1113 1418 1153 Ciceronis
1446 1116 1650 1164 orationes,
1677 1114 1781 1166 pleni
1808 1127 1941 1154 omnes
1969 1114 2055 1153 libri
2082 1113 2340 1165 exemplorum
2366 1113 2470 1152 hunc

225 1190 340 1216 usum
358 1178 600 1216 testantium.
640 1176 774 1228 Itaque
795 1177 951 1215 minime
970 1177 1108 1214 mirum
1130 1179 1201 1225 est,
1226 1176 1327 1226 quod
1344 1176 1602 1225 Quintilianus
1623 1175 1695 1216 hoc
1718 1178 1800 1228 ipse
1822 1176 1897 1216 sibi
1910 1178 2092 1227 permisit.
2131 1177 2190 1216 Ex
2206 1176 2302 1215 libro
2324 1175 2371 1215 de
2391 1187 2467 1226 quo

227 1241 403 1292 quaestio
430 1239 476 1279 fit
502 1239 576 1279 huc
602 1240 813 1292 pertinent:
843 1239 878 1288 1,
909 1239 943 1278 1.
970 1239 1008 1279 5.
1037 1238 1072 1278 7.
1100 1238 1163 1278 54.
1191 1238 1254 1278 64.
1283 1238 1345 1278 72.
1374 1239 1435 1279 76.
1463 1240 1510 1279 81
1532 1238 1635 1289 (bis).
1666 1240 1752 1280 103.
1774 1240 1870 1287 109;
1898 1240 1935 1290 3,
1956 1240 2017 1280 10.
2037 1240 2097 1278 11.
2118 1238 2187 1286 153
2214 1239 2338 1290 5,17;
2366 1239 2402 1288 6,
2423 1239 2468 1285 1;

227 1303 265 1353 7,
294 1304 329 1354 1,
357 1303 393 1344 8.
423 1303 484 1343 11.
511 1303 575 1342 22.
605 1326 607 1328 -
635 1301 772 1341 Potest
808 1302 925 1340 etiam
952 1300 1028 1340 huc
1053 1300 1184 1340 referri
1214 1301 1247 1350 1,
1277 1301 1324 1340 71
1363 1300 1460 1352 ,plus
1496 1301 1620 1341 adhuc
1648 1302 1841 1352 quiddam‘
1875 1302 1977 1341 idem
2013 1315 2058 1341 ac
2088 1302 2229 1347 ,πλέον
2253 1306 2316 1341 u‘.
2369 1301 2467 1348 Late

227 1366 347 1418 igitur
381 1368 489 1418 patet
522 1363 585 1404 hic
616 1376 712 1403 usus
747 1363 948 1415 loquendi,
982 1367 1027 1402 ut
1062 1367 1128 1402 tuo
1164 1363 1245 1402 iure
1280 1363 1430 1403 mireris
1463 1362 1659 1403 Halmium
1693 1377 1770 1403 uno
1804 1363 1889 1405 loco
1918 1364 1953 1414 1,
1980 1365 2030 1405 81
2059 1364 2267 1416 vulgatam>
2295 1362 2468 1403 codicum

227 1429 454 1480 scripturam
482 1428 709 1467 deseruisse.
762 1425 931 1466 Exhibet
957 1426 990 1465 G
1018 1425 1346 1477 (Bambergensis)
1376 1426 1493 1465 codex
1520 1427 1687 1478 optimae
1714 1431 1849 1466 notae:
1886 1427 2063 1478 ,multum
2098 1427 2201 1465 enim
2238 1440 2355 1478 supra
2380 1439 2467 1478 pro-

225 1504 312 1532 sam
333 1491 557 1540 orationem,
584 1502 699 1541 quam
724 1488 941 1540 pedestrem
969 1488 1103 1528 Graeci
1129 1493 1282 1537 vocant,
1311 1490 1434 1539 surgit
1461 1489 1529 1538 (sc.
1557 1489 1686 1537 Plato)
1713 1494 1758 1528 ut
1784 1489 1880 1528 mihi
1906 1503 1986 1528 non
2012 1489 2179 1528 hominis
2206 1490 2373 1539 ingenio,
2400 1489 2469 1527 sed

227 1551 467 1605 quaedam
493 1551 559 1602 (G)
587 1549 858 1601 (quoddam
883 1550 939 1599 M)
967 1549 1150 1602 Delphico
1177 1549 1356 1588 videatur
1383 1549 1534 1588 oraculo
1546 1549 1599 1588 de
1626 1549 1691 1603 (G)
1719 1551 1950 1602 instinctus‘,
1978 1550 2079 1603 quod
2097 1549 2274 1591 Halmius
2300 1551 2358 1590 ita
2383 1562 2467 1591 mu-

74 468 84 478 d

70 497 82 523 ξ

18 682 41 691 ,

9 769 12 771 .
38 755 61 771 *1-

6 780 30 802 τ
49 800 52 803 Α
63 773 66 776 “

6 865 25 881 «“”
35 846 39 851 ¹
50 866 57 873 ³

15 904 59 927 --ὴ

8 946 11 949 ,
20 933 23 940 ²
31 936 53 969 ι’,

3 981 41 1003 fi

5 1008 19 1021 ,Ἀ
25 1009 54 1040 :5

4 1081 18 1099 ἰ
26 1088 61 1107 '1⁵³1

9 1178 21 1194 *ψ’
29 1175 42 1198 .‘

3 1207 19 1224 A·
34 1220 36 1223 v
58 1205 61 1209 “

19 1242 30 1254 f.

0 1303 32 1335 ''3ss

17 1355 36 1371 ἴ.

8 1372 33 1396 ‘x‘

0 1405 28 1463 'ff'
36 1404 41 1407 ⁴

0 1566 33 1602 K.

0 1606 41 1678 Ξῖ
225 1623 310 1656 tare
337 1627 494 1669 necesse
521 1614 670 1663 habuit,
696 1618 741 1652 ut
766 1618 967 1664 reponeret
992 1626 1060 1664 pro
1088 1614 1278 1664 quaedam
1306 1615 1390 1652 sive
1414 1613 1605 1663 quoddam
1632 1618 1874 1664 tamquam
1901 1613 2100 1665 (Delphico
2118 1613 2297 1652 videatur
2315 1612 2468 1652 oraculo

0 1680 56 1734 {23
226 1678 463 1726 instinctus),
498 1690 614 1728 quam
649 1681 778 1716 tamen
813 1676 1071 1716 coniecturam
1104 1675 1195 1715 licet
1220 1676 1439 1726 Kruegerus
1470 1677 1587 1715 tacito
1620 1689 1784 1715 assensu
1819 1676 2138 1727 comprobaverit,
2175 1676 2354 1726 equidem
2386 1689 2469 1714 am-

0 1733 43 1801 ἒξ
227 1738 470 1792 plectendam
496 1750 574 1778 non
601 1749 688 1778 esse
715 1749 862 1789 censeo,
891 1738 925 1777 si
951 1737 1105 1789 quidem
1130 1738 1286 1790 propius
1313 1736 1420 1777 etad
1448 1736 1620 1777 codicum
1646 1737 1815 1790 vestigia
1841 1740 1881 1778 et
1907 1737 1956 1779 ad
1976 1736 2204 1789 Quintiliani
2230 1751 2343 1778 usum
2362 1749 2470 1778 accen

0 1799 30 1856 {-
227 1803 318 1841 dere
343 1802 508 1851 videtur,
536 1801 639 1851 quod
665 1800 916 1840 Frotscherus
943 1801 1185 1840 scribendum
1212 1801 1369 1839 suadet:
1407 1800 1487 1849 ,sed
1514 1801 1717 1851 quodam
1743 1800 1970 1852 Delphici
2002 1801 2181 1841 videatur
2208 1800 2362 1840 oraculo
2390 1800 2469 1839 dei

0 1855 41 1920 ζ’
228 1864 459 1904 instinctus‘.
513 1862 616 1902 Ordo
643 1863 849 1902 verborum
881 1876 960 1902 non
994 1863 1090 1902 satis
1125 1863 1333 1901 concinnus
1359 1862 1625 1902 Frotscherum
1659 1877 1737 1902 non
1772 1865 1829 1902 ita
1863 1877 2019 1903 movere
2050 1864 2234 1913 debebat,
2269 1868 2313 1902 ut
2344 1864 2471 1914 magis

0 1924 20 1972 ζῖ»
227 1926 303 1965 sibi
328 1925 477 1977 placere
503 1924 765 1975 profiteretur:
794 1923 874 1975 ,sed
899 1923 1084 1975 Delphico
1111 1924 1288 1963 videatur
1315 1923 1468 1963 oraculo
1495 1924 1555 1963 dei
1581 1925 1811 1964 instinctus‘.
1847 1926 1931 1977 Age
1958 1926 2013 1965 sis
2041 1924 2169 1965 confer
2195 1937 2344 1964 mecum
2370 1937 2403 1964 e.
2432 1937 2469 1976 g.

0 1978 7 1995 ι
229 1989 266 2039 1,
292 1988 342 2028 41
378 1991 531 2038 ,quotus
558 1987 659 2026 enim
688 1987 847 2038 quisque
876 1987 1039 2026 inveniri
1066 1990 1146 2026 tam
1173 1986 1330 2026 demens
1356 1990 1494 2037 potest,
1522 1988 1585 2037 qui
1612 2000 1660 2026 ne
1686 1988 1846 2026 minima
1872 1987 2027 2037 quidem
2055 1987 2216 2026 alicuius
2244 1991 2347 2026 certe
2370 1987 2468 2026 fidu-

229 2051 291 2090 cia
307 2050 431 2102 partis
451 2049 675 2088 memoriam
698 2048 935 2101 posteritatis
964 2049 1232 2100 sperave1·it‘?:
1261 2049 1340 2087 iam
1360 2047 1558 2100 intelleges
1573 2048 1675 2088 hunc
1705 2050 1908 2090 verborum
1927 2049 2098 2089 ordinem
2120 2049 2347 2098 Quintiliani
2372 2051 2470 2088 mori

229 2125 321 2153 non·
342 2111 550 2161 absonum,
585 2111 653 2150 sed
684 2111 797 2163 plane
836 2115 1108 2162 congruentem
1140 2110 1274 2150 fuisse.
1327 2108 1385 2149 Αἱ
1418 2110 1601 2162 δευτέραι
1635 2111 1849 2165 φροντίδες
1881 2125 1959 2151 non
1995 2124 2143 2163 semper
2174 2111 2353 2151 meliores
2380 2116 2471 2150 sunt

229 2173 431 2227 prioribus.
2404 2224 2407 2227 Ι

355 2245 483 2285 Nihilo
503 2245 641 2284 melius
660 2250 728 2284 aut
749 2247 867 2284 etiam
887 2245 1057 2284 deterius
1080 2258 1195 2296 quam
1210 2245 1390 2285 Halmius
1406 2246 1610 2285 Genslerus
1629 2249 1669 2285 in
1688 2248 2008 2286 commentatione
2026 2260 2141 2298 supra
2157 2246 2318 2286 laudata
2336 2248 2388 2298 (p.
2402 2246 2472 2298 40)

0 2303 32 2366 [f
233 2310 268 2360 1,
297 2308 348 2349 76
373 2321 442 2360 pro
470 2321 514 2348 eo
543 2307 645 2359 quod
672 2307 820 2347 codices
846 2306 991 2346 habent
1018 2320 1151 2347 omnes
1178 2312 1301 2358 ,tanta
1326 2309 1388 2348 vis
1415 2308 1454 2346 in
1476 2322 1520 2348 eo
1542 2309 1609 2358 (sc.
1629 2310 1668 2348 in
1691 2308 1976 2359 Demosthene),
2004 2314 2087 2349 tam
2107 2309 2227 2350 densa
2248 2310 2389 2359 omnia,
2416 2310 2474 2348 ita

0 2368 45 2423 ἐξ,
232 2370 512 2423 quibusdam
532 2371 663 2410 nervis
684 2371 836 2410 intenta
857 2370 959 2409 sunt‘
988 2369 1228 2410 scribendum
1247 2371 1466 2423 proposuit:
1496 2372 1563 2421 ,ita
1581 2385 1791 2424 quaeque
1811 2373 1940 2413 nervis
1961 2373 2112 2413 intenta
2131 2373 2246 2412 sunt‘.
2286 2370 2474 2423 Exempla

0 2415 33 2453 ’ί
232 2433 364 2484 qualia
390 2437 482 2472 sunt
508 2434 546 2483 3,
578 2434 624 2473 10
652 2434 781 2483 ,frenis
808 2432 1048 2484 quibusdam‘
1076 2432 1138 2471 vel
1165 2433 1202 2483 3,
1226 2435 1272 2472 11
1303 2433 1497 2483 ,increduli
1520 2436 1687 2486 quidam‘
1709 2436 1805 2474 satis
1826 2448 2015 2487 superque
2033 2436 2144 2486 quasi
2163 2434 2356 2485 quandam
2375 2434 2472 2473 Fabi

0 2509 18 2528 ‹-
229 2495 502 2535 verecundiam
530 2495 755 2546 ostendunt,
783 2508 860 2546 qua
891 2494 954 2534 vel
987 2496 1101 2534 unius
1127 2495 1234 2533 verbi
1262 2493 1560 2545 metaphoricam
1586 2497 1894 2536 immutationem
1922 2498 2005 2536 sive
2032 2508 2213 2537 excusare
2240 2496 2323 2535 sive
2352 2494 2473 2535 lenire

2 2572 20 2603 (
229 2556 372 2597 studet.

358 2704 392 2746 ¹⁸)
409 2701 526 2738 Simile
542 2701 633 2745 quid,
649 2704 691 2736 ut
706 2701 920 2743 ,quicunque‘
936 2701 1106 2736 indefiniti
1118 2702 1325 2745 pronominis
1340 2702 1407 2737 vim
1426 2702 1559 2743 habeat,
1577 2702 1657 2737 licet
1671 2704 1779 2738 rarius
1795 2707 1831 2738 et
1844 2703 1952 2738 multo
1967 2703 2154 2739 artioribus
2168 2702 2291 2737 finibus
2306 2702 2471 2736 inclusum

231 2752 299 2791 iam
321 2756 413 2799 apud
433 2755 599 2797 probatos
621 2755 806 2796 scriptores
827 2754 1029 2787 invenimus.
1074 2757 1284 2796 Quamquam
1306 2755 1409 2787 facile
1431 2759 1483 2787 est
1505 2756 1656 2788 omnibus
1680 2756 1846 2788 eiusmodi
1868 2757 1952 2789 locis
1974 2756 2112 2789 verbnm
2140 2758 2260 2798 ‚posse‘
2282 2754 2339 2788 vel
2361 2752 2472 2785 simile

229 2802 413 2852 cogitando
434 2807 602 2850 supplere.
636 2806 698 2840 cfr.
714 2816 742 2841 e.
759 2815 794 2849 g.
811 2805 877 2840 Cic.
899 2806 935 2840 in
951 2807 1051 2841 Catil.
1074 2807 1112 2840 II
1135 2807 1164 2847 5,
1188 2808 1227 2841 11
1251 2816 1347 2850 ‚qnae
1372 2806 1485 2840 sanari
1507 2810 1676 2850 poterunt,
1700 2817 1898 2850 quacunque
1918 2808 2049 2843 ratione
2071 2807 2218 2842 sanabo‘.
2250 2805 2368 2840 Paullo
2390 2804 2472 2839 libe-

228 2861 303 2895 rius
324 2861 451 2895 Fabius
473 2860 578 2894 etiam
600 2861 627 2899 1,
651 2860 691 2893 12
718 2859 873 2901 loquitur
896 2869 983 2900 ‚nam
1006 2869 1065 2903 per
1087 2860 1285 2894 abusionem
1307 2858 1449 2893 sicarios
1472 2861 1574 2894 etiam
1598 2861 1705 2895 omnis
1728 2870 1902 2902 vocamus,
1931 2861 1990 2903 qui
2020 2860 2158 2895 caedam
2180 2860 2249 2893 telo
2272 2867 2472 2900 quocum-

227 2922 309 2956 que
331 2912 590 2948 commiserunt‘.

151 217 157 225 ⁸
225 230 405 271 onem
429 228 534 281 ,nlla‘
558 239 769 281 pronomen
795 228 837 268 in
863 227 986 268 altero
1005 208 1214 268 *enuntiato
1241 227 1451 278 repositum
1478 228 1632 274 omnino
1658 226 1771 267 nihili
1795 239 1882 268 esse
1908 228 1949 268 in
1967 231 2101 281 aperto
2128 232 2199 269 est.
2237 227 2470 272 Rectissims
2539 227 2556 235 '⁴
