2617 3295
1277 106 1342 151 11

319 242 425 285 Satis
452 246 522 282 aut
546 222 651 281 certe
679 241 738 281 uti>
760 241 960 291 potuimus
985 237 1128 279 dictum
1154 242 1216 279 est
1242 238 1290 278 de
1314 239 1682 290 praepositionibus:
1710 240 1911 281 videamus
1937 254 2039 282 nunc

310 325 313 328 “
1102 330 1514 389 Pronomina.

318 438 407 479 Jam
442 452 466 477 a
492 438 688 490 magistris
723 438 865 476 nostris
899 437 1117 488 accepimus
1150 448 1296 488 nosque
1330 438 1403 489 ipsi
1430 437 1479 477 ad
1505 437 1712 489 discipulos
1747 449 2005 490 propagamus
2035 444 2245 489 pronomen
2271 436 2430 479 demon-

199 503 406 544 strativum
432 501 475 540 is
511 504 786 551 saepenumero
814 499 958 548 omitti,
991 499 1059 537 ubi
1084 498 1236 538 relativi
1262 500 1311 538 ad
1338 500 1441 551 quod
1469 505 1615 550 spectet
1640 501 1742 539 idem
1768 513 1882 539 casus
1909 500 2176 551 subsequatur,
2207 500 2327 553 vulgo
2353 507 2430 540 nen

198 565 339 615 omitti,
366 563 435 603 ubi
461 562 535 602 hoo
559 575 638 601 non
663 562 721 602 ita
747 562 810 601 sit.
868 560 986 600 Recte
1012 574 1084 602 nos
1112 560 1277 613 quidem,
1306 563 1338 600 si
1364 567 1508 602 certam
1540 562 1811 614 definitamque
1844 562 1968 614 legem
1996 562 2178 602 studiosis
2203 563 2430 604 adnleseen-

196 628 301 668 tibus
328 637 536 680 proponere
569 624 682 664 nobis
715 625 755 663 in
782 625 909 664 animo
944 627 1013 675 est,
1050 625 1110 663 sin
1138 623 1185 663 de
1211 637 1284 664 usu
1311 623 1549 678 singulorum
1575 626 1801 677 scriptorum
1835 625 2042 678 quaeritur,
2074 624 2187 678 plane
2212 626 2323 667 aliter
2349 638 2430 667 rem

197 704 240 731 se
266 690 407 730 habere
434 688 711 729 confitebimur.
750 687 880 726 Veluti
899 687 1157 735 Quintilianus
1183 688 1224 726 in
1251 700 1296 726 eo
1324 688 1368 727 de
1396 702 1472 739 quo
1499 690 1650 739 agimus
1675 688 1772 727 libro
1798 688 1911 727 modo
1931 689 2041 739 ponit
2065 701 2285 740 pronomen,
2313 688 2428 728 modo

199 754 354 794 omittit.
407 752 533 802 Atque
559 749 689 802 paullo
716 748 876 788 liberius
903 749 1088 788 omissum
1115 753 1175 788 est
1199 750 1240 788 in
1266 748 1346 789 his:

324 816 359 865 1,
387 816 412 855 9
439 814 581 864 ,omnia
605 812 735 851 verba¹
751 812 919 863 exceptis
947 810 1016 862 (sc.
1044 811 1110 863 iis)
1139 811 1186 849 de
1213 811 1348 863 quibus
1374 811 1465 860 dixi,
1494 814 1585 850 sunt
1610 810 1750 850 alicubi
1777 812 1945 863 optima‘.
1999 814 2032 860 1,
2062 813 2138 854 104
2166 812 2296 864 ,babet
2321 826 2451 853 amas

198 883 301 918 tores
328 876 496 917 Cremuti
522 874 682 914 libertas
710 887 943 925 quamquam
970 874 1201 913 circumcisis
1228 873 1297 925 (sc.
1323 875 1388 925 iis)
1417 886 1514 924 quae
1542 873 1685 912 dixisse
1712 875 1747 912 ei
1774 877 1978 915 nocuerat‘.
2026 877 2062 926 7,
2091 878 2141 916 19
2167 875 2429 925 ,exhortandis

198 941 238 980 in
264 939 364 979 hane
391 950 497 989 spem
532 935 600 988 (sc.
627 936 694 988 iis)
728 937 793 987 qui
819 935 901 975 foro
927 939 1203 987 praeparantur
1228 935 1323 974 utile
1350 934 1588 985 exemplum‘.
1639 935 1674 984 7,
1702 935 1754 975 24
1785 934 1869 986 ,hac
1903 938 1959 976 uti
1992 938 2046 976 sic
2074 938 2260 988 optimum
2287 942 2359 988 est,
2387 942 2433 976 ut

199 1002 338 1042 cotidie
365 1000 535 1039 dicamus
563 998 807 1037 audientibus
832 997 1004 1049 pluribus
1030 998 1197 1037 maxime
1225 997 1293 1049 (sc.
1320 997 1384 1050 iis)
1413 997 1459 1036 de
1486 1010 1647 1049 quorum
1674 997 1795 1037 simus
1820 998 1959 1038 iudicio
1987 1000 2163 1039 solliciti‘.

325 1062 401 1102 Sed
427 1061 523 1100 haec
549 1074 628 1100 non
656 1060 843 1111 ejusmodi
868 1064 971 1110 sunt,
1000 1072 1099 1112 quae
1126 1073 1151 1100 a
1177 1059 1366 1099 Ciceronis
1392 1060 1540 1098 ratione
1566 1059 1748 1109 loquendi
1774 1072 1929 1110 prorsus
1955 1060 2196 1101 abhorreant.
2210 1062 2247 1114 ²)
2300 1061 2434 1113 Neque

198 1127 326 1166 minus
352 1123 481 1163 Cicero
508 1122 609 1161 hunc
634 1135 748 1161 usum
776 1121 975 1173 amplexus
1003 1127 1072 1172 est,
1098 1126 1143 1161 ut
1169 1122 1356 1174 aliquis
1382 1121 1446 1161 vel
1473 1121 1664 1172 quidam
1691 1121 1866 1161 consulto
1895 1124 2087 1162 omitteret
2110 1125 2168 1163 ita
2183 1128 2228 1163 ut
2245 1124 2432 1163 omissum

199 1188 274 1228 hoc
300 1198 385 1226 esse
413 1197 459 1224 ex
488 1185 610 1236 ipsius
637 1185 823 1223 orationis
850 1184 1058 1224 conexione
1084 1188 1242 1235 pateret.
1289 1184 1373 1223 Huc
1399 1183 1597 1223 referenda
1623 1186 1715 1222 sunt
1741 1183 1916 1235 exempla
1942 1183 2072 1234 qualia
2098 1190 2207 1225 sunt:
2237 1185 2272 1234 1,
2301 1185 2336 1223 7.
2363 1183 2433 1230 56;

199 1250 237 1300 2,
263 1250 334 1295 24;
362 1249 397 1298 7,
424 1247 463 1286 4.
490 1246 552 1296 25,
581 1260 629 1284 ex
657 1245 797 1297 quibus
824 1246 858 1284 si
885 1244 1062 1285 ultimum
1088 1249 1240 1285 tantum
1267 1246 1490 1296 exscribam,
1522 1250 1675 1298 propter
1700 1247 1817 1297 spatii
1844 1248 2046 1299 angustias
2071 1249 2226 1288 veniam
2253 1248 2434 1299 impetra-

200 1317 331 1352 turum
356 1323 418 1350 me
446 1322 531 1349 esse
559 1308 720 1349 confido.
774 1308 963 1359 Loquitur
987 1308 1012 1347 1.
1041 1321 1072 1347 6.
1099 1310 1156 1348 ita
1181 1313 1328 1348 auctor:
1365 1309 1449 1359 ,Est
1475 1313 1514 1347 et
1539 1308 1606 1347 illa
1632 1310 1853 1348 exercitatio
1881 1310 2076 1361 cogitandi
2104 1315 2283 1362 totasque
2309 1314 2431 1349 mate-

200 1376 279 1415 rias
304 1373 369 1413 vel
401 1371 565 1422 silentio,
601 1370 692 1410 dum
719 1375 848 1410 tamen
875 1371 986 1422 quasi
1024 1371 1126 1411 dicat
1160 1384 1212 1412 sc.
1240 1371 1394 1424 quidam
1427 1370 1491 1410 vel
1516 1373 1575 1416 τίς
1601 1372 1702 1411 intra
1737 1384 1779 1411 se
1804 1372 1942 1422 ipsum,
1976 1372 2240 1424 persequendi‘
2272 1384 2435 1423 quocum

200 1437 319 1476 velim
353 1434 525 1474 conferas
560 1433 635 1473 Cic.
671 1445 738 1483 pro
767 1433 874 1472 Caec.
904 1434 971 1483 19,
1008 1433 1060 1473 54
1086 1435 1134 1484 ,si
1168 1436 1235 1474 via
1261 1436 1313 1473 sit
1337 1434 1557 1482 immunita,
1592 1433 1697 1471 iubet
1722 1447 1796 1485 qua
1822 1432 1930 1483 velit,
1958 1447 2073 1485 agere
2099 1436 2325 1474 iumentum.
2365 1433 2432 1472 cfr.

202 1498 386 1549 Draegeri
410 1495 513 1535 Hist.
543 1494 651 1543 synt.
677 1507 714 1545 p.
742 1494 908 1535 83—84.

331 1560 381 1599 At
408 1558 599 1597 Ciceronis
625 1569 716 1596 non
743 1560 802 1596 est
828 1556 932 1608 quod
957 1556 1141 1610 legimus:

335 1623 370 1671 1,
387 1621 440 1660 40
476 1633 577 1669 ,cum
604 1632 647 1658 se
673 1619 802 1658 Cicero
831 1619 879 1657 ab
906 1619 983 1658 illis
1010 1633 1158 1671 quoque
1185 1619 1404 1659 auctoribus
1429 1620 1640 1671 ingeniosis
1667 1619 1819 1670 quidem
1845 1619 1915 1658 sed
1945 1623 2028 1658 arte
2060 1620 2290 1671 carentibus,
2318 1619 2438 1671 pluri-

203 1697 309 1725 mum
335 1682 502 1723 fateatur
532 1681 732 1721 adiutum‘.
785 1680 955 1721 Dubium
982 1694 1065 1722 esse
1091 1695 1168 1722 non
1195 1687 1333 1734 potest,
1367 1684 1460 1734 quin
1494 1682 1621 1722 Cicero
1648 1682 1860 1734 ingeniosis
1894 1681 2005 1722 illis
2041 1682 2195 1734 quidem
2221 1682 2284 1723 vel
2310 1683 2438 1733 potius

203 1748 271 1794 iis
298 1745 450 1798 quidem
477 1744 646 1783 dicturus
672 1743 848 1795 fuerit.²)
889 1744 953 1782 cfr.
981 1743 1216 1796 Draegerum
1240 1758 1276 1795 p.
1305 1745 1365 1784 68.

310 1800 497 1847 ⁴Habetis
525 1806 572 1844 de
600 1806 755 1844 omissis
780 1805 1080 1856 pronominibus,
1108 1819 1209 1846 nunc
1235 1805 1555 1857 quemadmodum
1582 1805 1757 1845 adhibita
1782 1807 1873 1855 sint,
1901 1806 2150 1844 considerate.
2192 1806 2439 1845 Tralaticium

205 1874 266 1910 est
290 1882 315 1909 a
340 1867 550 1920 multisque
575 1870 755 1906 notatum
788 1868 828 1906 in
855 1866 1004 1906 duobus
1030 1867 1212 1908 membris
1239 1868 1410 1907 eiusdem
1437 1868 1626 1907 enuntiati
1652 1866 1731 1906 hic
1762 1867 1809 1906 ad
1840 1868 2099 1919 propinquius,
2126 1867 2211 1906 ille
2236 1867 2287 1906 ad
2312 1879 2438 1907 remo·

204 1934 284 1971 tius
309 1931 453 1978 referri,
481 1930 588 1968 cuius
614 1928 770 1979 regulae
795 1928 982 1966 illustrius
1009 1930 1225 1981 exemplum
1261 1934 1388 1968 exstat
1413 1929 1561 1968 nullum
1587 1928 1677 1967 hoc:
1718 1929 1752 1978 1,
1782 1929 1831 1967 73
1867 1928 2020 1978 ,densus
2054 1933 2092 1968 et
2118 1929 2244 1968 brevis
2272 1933 2312 1968 et
2336 1941 2440 1968 sem·

205 2007 272 2046 per
298 1994 450 2033 instans
476 1991 551 2031 sibi
580 1990 834 2041 Thucydides,
862 1990 981 2030 dulcis
1008 1995 1047 2030 et
1073 1991 1258 2032 candidus
1286 1997 1323 2032 et
1348 1992 1459 2031 fusus
1484 1991 1716 2041 Herodotus,
1747 1990 1812 2030 ille
1839 1993 2059 2040 concitatis,
2086 1990 2148 2030 hic
2173 1993 2343 2030 remissis
2370 1990 2440 2030 ad-

206 2056 370 2096 fectibus
395 2053 540 2104 melior,
567 2052 634 2091 ille
660 2052 916 2103 contionibus,
944 2051 1006 2091 1116
1032 2054 1284 2105 sermonibus,
1312 2053 1375 2094 ille
1401 2055 1455 2105 vi,
1482 2053 1545 2093 hic
1570 2053 1794 2104 voluptate‘.
1844 2053 1908 2093 cfr.
1935 2053 2067 2105 Lupus
2094 2054 2119 2093 1.
2145 2053 2170 2093 l.
2196 2067 2232 2105 p.
2261 2053 2334 2093 117
2372 2057 2440 2102 ‚En

205 2122 330 2168 weist,
356 2121 454 2157 ohne
480 2118 691 2155 Rucksicht
719 2118 796 2161 aus
817 2118 878 2153 die
913 2117 1050 2154 ideelle
1080 2119 1321 2164 chhtiylceit
1358 2121 1425 2155 des
1458 2119 1572 2154 einen
1605 2120 1701 2154 oder
1729 2120 1795 2153 des
1823 2120 1978 2153 andern
2006 2121 2078 2153 der
2103 2118 2236 2154 beiden
2274 2119 2439 2163 Objecte,

206 2180 288 2220 hic
324 2183 401 2227 auf
430 2184 502 2217 das
537 2181 590 2215 im
622 2181 720 2215 Text
746 2180 921 2216 mfheref
975 2178 1050 2217 Sed
1084 2191 1162 2218 non
1194 2191 1343 2230 semper
1377 2178 1477 2218 hanc
1510 2179 1634 2230 legem
1661 2182 1856 2217 servatam
1891 2190 1975 2217 esse
2009 2179 2087 2217 iam
2113 2176 2355 2216 Ruhnkenus
2390 2176 2441 2216 ad

208 2244 293 2283 Ter.
320 2242 434 2282 Andr.
462 2241 482 2279 I
507 2241 544 2290 4,
561 2241 586 2279 6
612 2239 824 2278 adnotavit.
863 2240 923 2278 Ex
948 2238 1046 2278 libro
1074 2240 1120 2279 de
1148 2255 1222 2292 quo
1250 2242 1375 2293 agitur
1400 2239 1475 2280 huc
1500 2241 1665 2292 pertinet
1690 2240 1727 2289 2,
1748 2240 1795 2279 12
1823 2253 1910 2291 ,quo
1936 2240 1991 2290 fit,
2018 2245 2062 2278 ut
2088 2240 2215 2278 minus
2241 2240 2443 2291 sanguinis

207 2318 253 2345 ac
277 2305 418 2345 virium
438 2302 738 2342 declamationes
764 2301 933 2342 habeant
951 2315 1064 2353 quam
1085 2304 1289 2352 orationes,
1317 2303 1418 2352 quod
1435 2305 1476 2342 in
1503 2303 1579 2342 illis
1597 2316 1700 2351 vera,
1727 2304 1768 2341 in
1791 2302 1852 2341 his
1878 2302 2096 2341 adsimilata
2122 2302 2286 2340 materia
2308 2301 2442 2354 est‘.³)

335 2409 364 2447 ¹)
387 2406 477 2439 Satis
500 2405 567 2437 erit
588 2403 783 2443 Zumptium
805 2403 945 2435 laudare
969 2404 1115 2436 Gramm.
1137 2405 1197 2437 lat.
1219 2408 1237 2442 ἓ
1259 2406 1328 2437 765.

335 2458 367 2499 ff)
392 2456 458 2498 ‚Iis
487 2455 640 2497 quidem‘
667 2455 888 2497 praetulisset
916 2455 1032 2488 Cicero
1063 2460 1104 2489 ut
1130 2466 1173 2489 ne
1203 2456 1279 2498 quis
1309 2455 1495 2490 offenderet
1522 2456 1558 2489 in
1586 2456 1677 2496 ,ille⁴
1706 2455 1900 2498 pronomine
1922 2456 2008 2488 male
2030 2455 2187 2497 repetito.
2220 2456 2283 2489 cfr.
2306 2457 2349 2490 de
2370 2457 2443 2491 Fin.

209 2511 240 2543 V
259 2512 311 2550 24,
334 2512 374 2544 71
405 2510 480 2550 ,illa
502 2508 609 2548 enim,
640 2517 727 2548 quae
756 2511 836 2540 sunt
858 2518 879 2540 a
906 2508 1002 2540 nobis
1031 2508 1120 2541 bona
1148 2508 1298 2549 corporis
1326 2511 1514 2548 numerata,
1544 2508 1713 2549 complent
1741 2517 1788 2540 ea
1817 2506 1953 2547 quidem
1979 2506 2211 2540 beatissimam
2239 2508 2363 2547 vitam,
2386 2508 2445 2541 sed

208 2562 277 2596 ita‘
301 2570 329 2594 e.
351 2570 401 2602 sq.

336 2614 368 2654 ⁸)
390 2611 464 2645 Uno
487 2611 608 2645 saltem
630 2610 732 2644 verbo
753 2620 795 2644 ne
818 2610 899 2652 quid
922 2611 1031 2644 sciens
1053 2611 1336 2654 praetermittam,
1367 2611 1408 2645 de
1430 2612 1627 2654 pronomine
1656 2609 1802 2644 relativo
1824 2609 1944 2644 dicam.
1976 2610 2099 2644 Mirum
2115 2613 2170 2644 est
2185 2611 2274 2651 quod
2289 2610 2448 2647 Halmius

209 2666 291 2698 lieet
311 2664 356 2697 ad
377 2664 437 2696 lib.
461 2663 479 2695 I
501 2664 549 2701 10,
572 2664 589 2695 1
613 2663 843 2696 adnotaverit:
878 2663 923 2702 ,in
945 2664 1074 2696 talibus
1097 2664 1290 2696 enuntiatis
1311 2665 1427 2704 (quale
1450 2669 1504 2698 est
1526 2666 1543 2696 I
1567 2665 1614 2701 10,
1637 2665 1655 2695 1
1678 2663 1779 2701 ,orbis
1803 2662 1863 2694 ille
1886 2662 2073 2701 doctrinae,
2103 2671 2222 2702 quem
2244 2663 2366 2695 Graeci
2388 2663 2446 2705 Iy-

207 2715 343 2749 κύκλιον
363 2714 521 2746 παιδείαν
542 2716 689 2755 vocant‘)
721 2723 828 2757 genus
850 2713 1054 2757 pronominis
1076 2714 1214 2749 relativi
1235 2715 1451 2750 substantivo
1479 2714 1706 2755 antecedenti,
1738 2723 1805 2748 non
1834 2713 2030 2755 praedicato
2061 2713 2309 2748 accommodare
2337 2714 2448 2756 soletf,

207 2769 241 2802 X
269 2770 298 2809 7,
322 2768 341 2800 1
370 2776 483 2799 secum
510 2776 578 2799 non
608 2768 776 2800 constitit.
819 2767 980 2808 Legimus
1010 2767 1098 2799 enim
1127 2768 1202 2806 ,Est
1228 2768 1318 2800 enim
1347 2777 1429 2801 usus
1458 2769 1593 2810 quidam
1620 2766 1854 2805 irrationalis,
1884 2776 2002 2806 quam
2032 2766 2153 2798 Graeci
2179 2766 2305 2808 ἄλογον
2333 2769 2449 2809 τριβήν

207 2820 353 2854 vocant‘.
397 2817 534 2852 Certum
555 2817 719 2853 iudicium
741 2818 830 2853 ferre
852 2829 918 2852 non
940 2817 1058 2859 3111160,
1081 2828 1189 2859 neque
1211 2820 1301 2854 enim
1323 2830 1437 2855 omnes
1460 2819 1662 2862 Quintiliani
1687 2819 1779 2852 locos
1810 2818 1920 2852 adhuc
1948 2818 2091 2857 excussi,
2121 2817 2209 2859 quod
2237 2827 2377 2853 necesse
2399 2824 2452 2852 est

207 2882 270 2905 nos
291 2871 468 2919 faciamus,
489 2873 531 2902 ut
553 2870 649 2902 litem
672 2872 911 2904 discernamus.
946 2870 1221 2904 Schneidewinus
1244 2872 1378 2911 quidem
1393 2873 1600 2905 confidenter
1622 2872 1659 2903 in
1681 2871 1832 2903 editione
1856 2870 1988 2911 posuit:
2011 2870 2105 2909 ,Cum
2120 2870 2258 2903 nonnisi
2272 2871 2344 2904 alia
2365 2870 2451 2904 eius-

208 2923 283 2957 dem
305 2921 355 2956 rei
377 2921 566 2955 dominatio
588 2921 767 2963 iudicetur,
789 2932 968 2966 perperam
990 2922 1145 2964 posueris
1169 2927 1317 2964 quam‘.

2147 2954 2277 3003 2*'
