2617 3295
1289 72 1361 120 m-

11 198 17 205 “
53 178 111 251 ‚1⁹
182 198 234 259 1,
247 208 298 250 87
315 207 516 260 ‚Atacinus
529 208 648 247 Varro
665 207 707 246 in
724 207 775 246 iis
794 219 875 258 ‚per
891 219 991 258 quae
1007 219 1150 247 nomen
1168 211 1229 246 est
1245 206 1470 246 assecutus‘.
1502 207 1695 259 Argentea
1712 205 1866 246 demum
1884 210 2011 247 aetate
2023 207 2065 247 in
2077 207 2265 249 eiusmodi
2280 208 2444 252 locutio·-
2503 202 2510 215 ³
2603 239 2617 265 ψ,

189 269 311 311 nibus
338 283 419 324 ,per
433 268 554 320 haec‘,
579 281 649 321 per
665 282 766 321 quae
789 282 873 322 per
898 270 1192 321 praepositionis
1214 273 1405 322 propter
1426 269 1509 308 vim
1532 268 1706 308 obtinere
1730 268 1779 309 ab
1801 268 1955 309 Handio
1978 269 2090 309 Tui-s.
2104 270 2158 310 IV
2172 285 2210 323 p.
2228 270 2307 311 445
2328 271 2443 313 disci-
2510 286 2516 291 ·

194 340 296 373 mus.
330 333 398 372 cfr.
423 333 542 372 etiam
566 330 806 383 Draegerum
831 345 869 383 p.
888 331 977 371 565.
1018 331 1127 370 Idem
1153 331 1368 383 Draegerus
1394 344 1432 382 p.
1451 329 1528 371 560
1553 329 1651 370 haec
1675 330 1810 371 habet:
1837 334 2119 382 ,Uetertraqen
2146 330 2245 373 heim
2275 336 2442 374 Verbum
2518 386 2522 389 .
2546 355 2548 357 >
2588 331 2592 334 ⁴

188 395 253 435 ,ire
286 399 390 434 neem
422 407 490 446 per
523 406 599 432 vor
636 398 710 432 der
734 399 864 443 Reae,
902 398 977 431 den
1004 398 1219 432 aedanlcen
1246 398 1344 432 oder
1372 397 1583 442 Gefahlen,
1612 396 1674 440 die
1701 396 1783 431 sich
1818 397 1946 431 durch
1982 400 2079 432 oder
2104 398 2204 433 iiber
2231 402 2349 434 etwas
2373 408 2441 434 er-

195 460 391 507 ancken,
417 459 562 503 ‚iedoch
597 468 680 496 nur
715 458 777 495 bez·
812 461 888 495 den
912 457 1105 493 Dichtern
1140 460 1223 494 und
1248 457 1302 494 im
1329 457 1525 495 silbernen
1551 457 1718 496 Latein‘.
1777 455 1901 507 Atque
1925 455 2021 496 haec
2047 457 2133 508 ipsa
2158 457 2278 497 verba
2305 462 2440 498 auctor

194 518 366 570 illustrat
397 518 550 558 duobus
583 531 632 558 ex
665 517 901 568 Quintiliano
938 516 1172 569 depromptis
1206 517 1408 570 exemplis:
1443 517 1481 568 5,
1507 517 1556 557 21
1593 529 1671 569 ,per
1704 521 1808 558 totas
1842 519 1899 558 ire
1937 519 2131 559 materias‘
2168 523 2208 559 et
2239 519 2297 560 XI
2325 521 2360 572 1,
2389 521 2442 562 84

195 586 368 634 ,patrono
396 571 550 632 quoque
575 593 645 632 per
670 581 814 619 similes
842 579 1001 619 affectus
1030 579 1199 618 eundum
1226 580 1321 619 erit‘.
1362 580 1426 619 cfr.
1453 580 1489 630 3,
1520 581 1580 619 17.

320 653 382 695 Ad
406 653 526 695 finem
552 653 669 694 huius
696 652 849 705 quidem
874 653 996 704 partis
1021 651 1212 704 prodeant
1236 651 1321 704 loci,
1351 653 1487 705 quibus
1514 654 1603 705 ,per‘
1630 654 1734 693 idem
1769 653 1962 706 significat
1984 658 2114 706 'atque
2146 655 2260 706 ‚quod
2299 657 2440 696 attinet

197 716 260 757 ad‘
286 716 353 756 vel
378 729 559 769 graecum
584 715 701 768 παρά
727 731 778 766 τι,
807 728 923 767 quam
951 715 1272 767 significationem
1300 729 1325 755 a
1350 715 1463 755 locali
1488 715 1696 767 profectam
1722 729 1806 756 esse
1828 717 1910 756 veri
1935 729 2013 756 non
2041 720 2146 757 caret
2176 716 2438 758 similitudine.

163 778 294 818 :Huc
309 779 509 819 referenda
534 782 625 817 sunt
661 779 695 827 1,
722 778 773 818 28
801 778 1101 827 ,meminerimus
1135 781 1265 816 tamen
1300 791 1379 816 non
1412 791 1480 829 per
1507 779 1636 817 omnia
1662 783 1797 830 poetas
1825 791 1910 818 esse
1945 779 2087 818 oratori
2113 778 2351 831 sequendos‘,
2376 779 2440 819 vel

197 841 234 892 1,
262 840 314 882 85
341 840 456 892 ‚idem
482 840 594 880 nobis
619 850 688 892 per
712 839 911 880 Romanos
939 851 1093 891 quoque
1120 844 1294 879 auctores
1323 839 1414 880 ordo
1442 840 1637 880 ducendus
1665 840 1793 892 est‘.1)

265 933 267 935 ·
321 914 429 962 Quae
454 916 615 962 restant,
643 925 722 951 non
749 913 881 964 magni
907 911 976 951 illa
1003 912 1160 964 quidem
1185 914 1371 952 momenti
1398 916 1500 964 sunt,
1528 913 1596 952 sed
1623 913 1788 953 fortasse
1815 924 1892 951 non
1915 925 2073 964 prorsus
2089 912 2242 953 silentio
2269 917 2438 965 praeter-

194 974 397 1015 mittenda.
449 976 575 1026 Atque
602 975 769 1027 primum
1717 978 1722 983 “

1196 1088 1447 1131 Praeter

193 1182 430 1234 praepositio
458 1183 500 1221 in
525 1181 719 1222 locutione
746 1185 909 1233 ,praeter
935 1180 975 1220 id
1004 1181 1118 1233 quod‘
1156 1181 1328 1232 proxime
1356 1181 1502 1221 accedit
1529 1185 1568 1221 et
1604 1195 1722 1221 sensu
1756 1186 1795 1222 et
1821 1182 2049 1221 formatione
2086 1181 2136 1222 ad
2162 1187 2438 1234 ,praeterquam

195 1243 311 1301 quod‘
338 1257 363 1282 a
387 1243 561 1294 probatis
588 1244 838 1296 scriptoribus
865 1243 1101 1283 adamatum.
1155 1243 1516 1295 Praeterquam
1543 1244 1602 1285 bis
1630 1248 1782 1285 tantum
1809 1244 1911 1296 apud
1938 1244 2218 1294 Quintilianum
2243 1245 2440 1286 invenitur

193 1307 247 1348 IV
272 1307 311 1357 2,
338 1306 391 1347 64
416 1310 456 1346 et
481 1306 515 1347 V
542 1307 603 1357 10,
633 1306 719 1357 105,
746 1308 788 1346 in
813 1306 888 1346 hoc
914 1306 962 1345 de
990 1320 1066 1356 quo
1095 1307 1245 1358 agimus
1270 1305 1367 1345 libro
1394 1320 1602 1357 nunquam.
1652 1307 1754 1346 Illud
1779 1312 1909 1346 autem
1935 1307 2124 1347 habemus
2151 1309 2186 1358 1,
2214 1308 2265 1347 28
2292 1312 2331 1347 et
2357 1309 2394 1358 3,
2413 1309 2438 1347 6

121 1401 126 1408 .
193 1368 454 1425 subsequente
482 1369 658 1420 ,quoque‘
686 1368 880 1420 adverbio,
909 1372 949 1408 et
975 1369 1011 1419 2,
1031 1369 1082 1409 26
1110 1368 1369 1419 subsequente
1395 1370 1515 1419 ,tum‘.
1556 1369 1671 1409 Patet
1697 1368 1770 1409 hoc
1796 1369 1880 1409 loco
1909 1369 2069 1409 eandem
2087 1370 2166 1409 fere
2191 1370 2272 1408 vim
2298 1369 2439 1410 habere

193 1436 311 1483 atque
328 1432 540 1482 primum,
560 1443 677 1481 quare
700 1430 1017 1471 Schneidewinus
1039 1443 1118 1470 non
1141 1431 1267 1481 inepte
1282 1430 1513 1470 Graecorum
1530 1431 1648 1470 τοῦτο
1666 1432 1743 1481 μὲν
1760 1454 1812 1460 -
1830 1431 1972 1470 ἔπειτα
1991 1431 2036 1470 δέ
2055 1430 2189 1483 (Soph.
2207 1432 2294 1471 Ant.
2312 1446 2350 1471 v.
2370 1432 2438 1485 61)

192 1488 235 1533 in
261 1492 478 1544 exemplum
504 1491 685 1532 adsumit.

1256 1607 1380 1648 Pro

191 1699 329 1740 Visum
354 1703 415 1740 est
440 1712 488 1739 ea
512 1700 780 1740 tantummodo
799 1700 976 1751 exempla
994 1714 1196 1752 apponere,
1223 1700 1289 1739 ubi
1315 1714 1399 1751 pro
1417 1700 1516 1739 idem
1542 1705 1603 1739 est
1625 1705 1738 1751 atque
1757 1705 1930 1740 nostrum
1957 1705 2072 1750 ‚nach
2096 1704 2312 1749 Massyabe,
2337 1704 2439 1738 nach

194 1762 462 1800 Vernauniu‘.
515 1761 602 1801 Huc
628 1766 804 1813 spectant
831 1763 866 1812 7,
895 1763 917 1801 7
945 1762 1120 1814 ,expletis
1147 1770 1215 1814 pro
1241 1761 1425 1801 facultate
1451 1762 1662 1802 omnibus‘:
1696 1762 1775 1801 iam
1801 1761 1930 1802 Cicero
1968 1775 2047 1813 ,pro
2075 1762 2234 1801 viribus‘
2263 1761 2439 1802 similiter

190 1823 303 1862 dixit.
353 1823 389 1872 7,
415 1824 467 1863 28
494 1824 600 1874 ,quid
626 1824 827 1875 loquemur
851 1824 1094 1875 ubicumque,
1122 1825 1174 1863 sit
1200 1837 1266 1875 pro
1294 1837 1367 1862 sua
1392 1824 1537 1863 scilicet
1562 1825 1737 1874 portione
1762 1823 1997 1875 perfectum‘,
2027 1836 2051 1862 a
2078 1822 2257 1862 Cicerone
2284 1822 2438 1874 quidem

188 1884 437 1936 repudiatum
460 1907 513 1914 —
539 1885 702 1926 dixisset
726 1885 792 1925 ille
817 1898 898 1936 ‚pro
925 1898 998 1925 sua
1013 1891 1135 1938 parte‘
1162 1908 1213 1915 —
1240 1885 1310 1925 sed
1335 1885 1414 1924 iam
1440 1899 1464 1925 a
1489 1886 1625 1936 priscis
1652 1885 1901 1936 scriptoribus
1928 1884 2155 1925 adhibitum.
2197 1885 2262 1923 cfr.
2281 1884 2438 1926 Holtze:

191 1946 303 1997 synt.
328 1947 443 1998 prisc.
469 1947 600 1999 script.
627 1947 716 1988 Lat.
744 1960 781 1999 p.
809 1947 899 1988 348.
932 1966 985 1975 -·

190 2039 196 2042 -
317 2018 492 2070 Denique

1194 2134 1444 2184 Propter

190 2225 426 2278 praepositio
454 2225 590 2265 eadem
617 2226 899 2276 significatione
927 2231 1044 2277 atque
1073 2229 1215 2277 ,causa‘
1243 2228 1303 2266 his
1330 2226 1425 2266 locis
1452 2228 1593 2280 scripta
1620 2227 1833 2267 invenitur:
1867 2228 1901 2278 1,
1931 2226 1991 2267 10.
2019 2226 2090 2273 66;
2125 2226 2163 2277 3,
2191 2225 2262 2272 393
2297 2224 2334 2277 5,
2361 2225 2437 2271 23;

191 2287 228 2337 7,
256 2288 285 2328 6
310 2291 476 2338 ,propter
502 2287 631 2339 quod‘,
661 2290 695 2339 1,
723 2289 771 2327 61
785 2304 794 2335 ;
823 2289 859 2339 3,
887 2289 938 2328 30
967 2294 1131 2342 ,propter
1158 2292 1279 2341 quae‘.

317 2359 359 2400 Si
386 2372 411 2399 a
436 2364 640 2411 propterea
665 2360 881 2410 recesseris,
907 2358 1010 2400 hunc
1035 2362 1330 2412 praepositionis
1356 2374 1468 2399 usum
1495 2362 1596 2413 apud
1625 2363 1826 2412 scriptores
1852 2361 2004 2412 probati
2031 2361 2217 2399 sermonis
2244 2359 2438 2398 studiosos

189 2420 335 2458 frustra
362 2422 657 2474 quaesiverisst)

317 2578 346 2616 ¹)
368 2576 428 2609 cfr.
451 2575 631 2617 Spaldingi
653 2575 909 2609 adnotationem
932 2577 976 2608 ad
999 2577 1018 2610 1
1038 2578 1068 2617 5,
1091 2577 1141 2609 19.

316 2631 348 2672 ⁸)
370 2628 511 2671 Quando
531 2627 742 2671 praepositio
764 2627 808 2661 ad
829 2628 929 2670 plura
951 2628 1057 2663 verba
1078 2628 1268 2671 pertineret
1289 2631 1351 2663 aut
1373 2629 1483 2671 repeti
1505 2629 1617 2663 solere
1638 2629 1711 2662 sive
1734 2629 1875 2662 eandem
1897 2629 1970 2663 sive
1993 2629 2138 2662 similem
2155 2631 2218 2661 aut
2232 2628 2338 2661 semel
2359 2628 2438 2670 poni

187 2682 257 2714 ism
279 2680 483 2714 Bonnellius
506 2679 755 2711 animadvertit
776 2682 814 2710 et
835 2679 964 2711 duobus
988 2679 1134 2712 omissae
1157 2679 1423 2722 praepositionis
1446 2681 1608 2724 exemplis
1630 2690 1672 2714 ex
1694 2680 1781 2713 libro
1805 2680 1932 2714 decimo
1955 2679 2076 2723 petitis
2099 2678 2311 2714 confirmavit
2332 2678 2376 2720 (2,
2398 2678 2439 2713 16

187 2735 226 2768 et
246 2733 276 2773 7,
296 2733 351 2773 26)
372 2731 435 2766 cfr.
457 2730 705 2773 Prolegomena
726 2730 768 2764 de
783 2730 930 2765 Gramm.
946 2731 1062 2773 Quint.
1086 2742 1140 2773 ap.
1163 2732 1301 2767 XXXV.
1348 2732 1465 2774 Igitur
1486 2733 1549 2767 Ed.
1571 2733 1738 2766 Wunderi
1768 2734 1879 2775 legem
1901 2743 1962 2776 pro
1984 2733 2123 2766 Plancio
2144 2742 2177 2774 p.
2199 2733 2262 2765 120
2283 2731 2436 2765 Ciceroni

187 2786 371 2825 obtrusum,
393 2787 567 2824 tamquam
589 2783 799 2824 praepositio
820 2783 856 2816 in
878 2783 1043 2817 eiusmodi
1064 2785 1147 2817 locis
1170 2793 1304 2828 semper
1324 2786 1511 2828 repetenda
1541 2788 1644 2826 esset,
1665 2785 1793 2820 Fabius
1822 2788 1884 2819 aut
1912 2795 1980 2820 non
2001 2785 2136 2820 novisse
2159 2786 2221 2818 aut
2241 2782 2438 2825 neglexisse

186 2836 336 2877 videtur,
357 2835 637 2878 quemadmodum
661 2835 767 2869 etiam
789 2835 832 2869 ab
854 2836 933 2870 aliis
955 2836 1181 2879 scriptoribus
1203 2837 1311 2872 veluti
1334 2848 1356 2871 a
1378 2838 1535 2871 Cornelio
1556 2838 1688 2879 Nepote
1711 2838 1841 2871 factum
1863 2842 1926 2872 est.
1969 2838 2029 2871 cfr.
2052 2838 2188 2879 Lupus:
2211 2837 2272 2869 der
2293 2835 2437 2876 Spraoh-

187 2888 362 2933 gebi-such
384 2889 443 2921 des
465 2888 562 2921 Corn.
585 2886 667 2930 Nep.
690 2896 722 2930 p.
744 2888 795 2921 83.
